1728 3054
190 173 279 216 282
494 167 546 212 G.
579 125 867 211 vnunml
901 165 1301 213 PATERGULI

191 301 307 347 rege
370 281 646 329 Parthorum
709 282 881 328 iuvenis
942 282 1262 329 excelsissimus
1325 283 1374 330 iu
1423 284 1579 343 insula,

195 369 333 415 quam
368 352 511 398 amnis
542 351 803 412 Euphrates
837 351 1088 408 ambiebat,
1123 357 1318 411 aequato
1351 355 1582 414 utriusque

158 436 187 477 2
200 422 339 484 partis
372 435 587 479 numero,
623 421 744 468 coiit.
813 419 955 477 Quod
989 421 1298 481 spectaculum
1343 425 1494 469 stantis
1526 438 1583 468 ex

196 492 375 536 diverso
420 490 529 536 hinc
572 489 798 547 Romani,
856 489 982 536 illinc
1036 490 1310 536 Parthorum
1353 493 1584 550 exercitus,

202 575 307 607 cum
342 559 437 605 duo
479 559 595 604 inter
629 574 678 605 se
712 559 1053 604 eminentissima
1086 559 1380 620 imperiorum
1413 567 1458 607 et
1490 561 1585 606 ho-

196 629 369 675 minum
411 628 584 675 coirent
627 628 806 689 capita,
851 643 1076 689 perquam
1110 629 1282 675 clarum
1323 635 1369 676 et
1402 644 1583 676 memo-

196 698 366 755 rabile,
401 697 485 744 sub
519 697 644 742 initia
676 697 1000 758 stipendiorum
1033 711 1254 755 meorum,
1287 699 1468 744 tribuno
1492 699 1594 745 mi-

157 770 187 812 3
201 767 333 827 litum
375 766 489 812 mihi
530 766 672 812 risere
716 767 920 827 contigit.
989 765 1141 822 Quem
1174 767 1356 814 militiae
1388 768 1587 831 gradum

190 842 304 901 'ante
337 835 421 881 sub
454 840 588 896 patre
621 841 726 892 tuo,
768 834 838 879 M.
874 834 1046 893 Vinici,
1093 841 1138 882 et
1182 837 1234 882 P.
1269 837 1383 883 Silio
1428 838 1587 899 auspi-

199 910 325 957 catus
355 905 402 950 in
436 905 640 951 Thracia
675 904 1068 963 Macedoniaque,
1105 919 1212 950 mox
1244 906 1422 951 Achaia
1450 907 1587 952 Asia—

200 990 315 1035 que,
369 980 415 1020 et
459 974 667 1019 omnibus
713 974 772 1019 ad
819 972 1054 1019 Orientem
1092 973 1194 1019 visis
1226 975 1466 1035 provinciis
1479 1007 1493 1031 ,
1541 980 1588 1021 et

201 1058 281 1090 ore
317 1048 453 1104 atque
486 1049 691 1102 utroque·
713 1043 846 1088 maris
881 1042 1059 1088 Pontici
1092 1042 1264 1100 latere,
1305 1043 1433 1089 haud
1466 1044 1587 1090 iniu-

201 1113 351 1161 cunda
384 1118 452 1158 tot
483 1127 658 1169 rerum,
693 1114 924 1168 locorum,
960 1111 1185 1172 gentium,
1219 1112 1398 1157 urbium
1432 1128 1590 1160 recor-

201 1183 384 1228 datione
424 1182 646 1242 perfruor.
725 1182 857 1227 Prior
902 1178 1095 1227 Parthus
1156 1181 1282 1242 apud
1339 1181 1500 1227 Caium
1541 1183 1589 1228 in

199 1260 352 1297 nostra
398 1252 521 1312 ripa,
571 1252 798 1315 posterior
840 1250 920 1296 hic
964 1249 1088 1311 apud
1132 1265 1293 1311 regem
1335 1248 1410 1296 in‘
1432 1250 1590 1297 hostili

205 1322 411 1382 epulatus
455 1326 535 1364 est.

342 1389 477 1434 CAP.
501 1387 599 1433 CII.
635 1388 743 1444 Quo
777 1392 989 1447 tempore
1022 1386 1091 1432 M.
1126 1385 1281 1444 Lollii,
1318 1402 1456 1446 quem
1490 1387 1592 1434 vel·-

203 1459 271 1505 uti
311 1458 643 1503 moderatorem
695 1457 902 1502 iuventae
953 1455 1058 1513 filii(
1091 1455 1159 1500 sui
1211 1456 1444 1517 Augustus
1496 1471 1592 1503 esse

204 1527 434 1583 voluerat,
480 1526 660 1586 perfida
704 1531 749 1570 et
782 1526 921 1586 plena
955 1524 1135 1570 subdoli
1170 1539 1225 1571 ac
1258 1526 1422 1571 versuti
1455 1526 1592 1572 animi

206 1597 414 1653 consilia,
461 1611 546 1656 per
589 1594 809 1640 Parthum
851 1594 1047 1641 indicata
1083 1594 1288 1650 Caesari,
1331 1595 1455 1640 fama
1488 1595 1594 1641 vul-

205 1710 293 1746 rege
320 1698 529 1734 Parthorum
564 1701 630 1733 etc.
666 1698 715 1734 Et
739 1697 866 1733 elisum
983 1698 1022 1735 P.
1054 1698 1152 1736 Silio.
1186 1697 1408 1743 Oudendorp.
1432 1700 1478 1735 ad
1500 1699 1592 1735 Sue-

203 1751 259 1782 est
287 1745 525 1791 praecedentis
549 1745 709 1791 syllabae
741 1744 868 1780 simili·
934 1748 1009 1780 ton.
1035 1745 1128 1789 Aug.
1147 1745 1205 1779 ⁶11.
1233 1745 1399 1790 corrigitt
1436 1748 1473 1781 C.
1495 1748 1592 1782 Silio.

204 1792 339 1830 tudine.
933 1793 1012 1836 Ego
1037 1792 1128 1825 nihil
1152 1802 1298 1826 caussae
1331 1792 1452 1835 video,
1485 1805 1595 1837 quaro

255 1851 333 1874 cum
364 1849 450 1883 rege
485 1837 693 1872 Parthorum
729 1837 866 1872 iuvenis
933 1837 997 1871 ille
1026 1838 1165 1882 potius,
1201 1849 1310 1881 quam
1342 1839 1381 1872 Ρ.
1402 1840 1526 1882 Silius,
1550 1840 1595 1875 de

208 1885 456 1920 excelsissimus
486 1888 552 1918 etc.
582 1884 661 1919 Nou
689 1895 759 1918 una
786 1884 868 1918 labe
935 1895 1004 1928 quo
1023 1883 1177 1919 Velleius
1191 1885 1236 1920 11.
1254 1883 1313 1919 83.
1329 1884 1367 1923 3.
1387 1884 1595 1932 intelligam

206 1931 267 1966 hic
290 1933 390 1966 locus
407 1930 604 1966 maculatus
629 1934 681 1965 est
708 1929 745 1964 in
773 1930 866 1964 Edit.
937 1931 1001 1965 dus
1034 1930 1090 1965 sit.

205 1989 262 2024 pr.
287 1990 362 2012 cum
388 1988 474 2022 rege
508 1976 716 2011 Parthorum
743 1977 868 2011 iuvene
979 1989 1073 2024 „5353-
1098 1988 1219 2031 Anas,
1245 1999 1341 2023 mm,
1367 1988 1539 2024 numum

207 2024 458 2106 {rs-elsissimae
480 2023 633 2077 insulae,
668 2035 773 2068 quam
801 2027 866 2057 etc.
980 2046 1079 2080 CAP·
1103 2046 1177 2081 CIL
1202 2049 1235 2090 ἓ.
1259 2047 1294 2081 1.
1330 2047 1381 2082 Μ.
1399 2046 1515 2082 Lollii,
1537 2046 1593 2081 De

264 2075 332 2105 ¹²⁰¹
355 2071 465 2104 Bam·
487 2074 620 2113 Parnm
643 2070 749 2111 Μὴ
783 2080 867 2114 ⁹³¹·
933 2091 997 2127 1110
1029 2091 1168 2136 Lipsius
1197 2093 1242 2127 aa
1268 2093 1386 2128 Tacit.
1411 2093 1502 2128 Anu.
1533 2093 1596 2128 111.

209 2120 866 2198 ‘imm..22:3⁸23001‘32-22325553
933 2138 1006 2220 iffi..
1015 2138 1382 2232 ³3123J1251,Nf;?⁸{,·;;‚
1391 2140 1596 2222 ⁸2539ffl02·

210 2210 348 2252 insula,
380 2220 486 2254 quam
514 2213 578 2243 etc.
619 2209 698 2254 Ego
732 2213 866 2243 certam

209 2255 322 2300 Lipsii
366 2254 643 2290 emendationem
690 2255 727 2289 in
772 2259 868 2290 textu
987 2254 1148 2288 Caesaris
1171 2255 1245 2289 iam
1262 2254 1459 2300 avulgavit.
1482 2253 1598 2300 Alius,

210 2301 379 2347 expressi.
433 2301 525 2336 Nam
565 2302 658 2345 quod
705 2301 871 2336 Heinsius
942 2302 1103 2336 Caesaris
1130 2301 1186 2334 ira
1206 2302 1398 2346 evulgavit.
1419 2298 1594 2337 Rasum.

210 2351 341 2393 negat,
366 2347 492 2382 Caium
516 2358 539 2381 a
561 2347 691 2381 Velleio
713 2349 871 2382 iuvenem
938 2348 992 2382 Ex
1015 2347 1182 2382 mendosa
1217 2347 1306 2383 Edit.
1339 2359 1390 2392 pr.
1411 2347 1597 2391 scriptum,

211 2395 475 2429 excelsissimum
502 2393 572 2427 dici
599 2394 772 2438 potuisse,
795 2407 872 2429 ver·
937 2405 1002 2439 per
1024 2393 1233 2428 Parthorum
1257 2394 1415 2428 indicata
1437 2394 1598 2428 Caesaris
1625 2429 1629 2434 ,

211 2440 269 2475 his
309 2452 392 2475 mox
430 2440 652 2484 sequentibus
688 2441 873 2483 refellitur,
940 2442 1013 2475 iam
1029 2440 1234 2485 evulgavit,
1257 2440 1395 2484 Lipsius
1418 2439 1598 2485 ingeniose
1628 2438 1631 2441 ’

214 2486 277 2521 ubi
306 2487 454 2521 eundem
480 2487 782 2521 eminentissimum
806 2489 874 2521 im-
940 2490 975 2522 et
1006 2485 1176 2527 feliciter,
1218 2488 1258 2520 ut
1283 2487 1438 2529 solebat,
1474 2497 1597 2521 veram

211 2532 304 2579 perii
325 2539 359 2568 et
380 2533 556 2567 hominum
582 2538 688 2577 caput
707 2534 873 2578 appellat.
938 2533 1124 2568 lectionem
1155 2532 1292 2571 elicuit:
1328 2543 1393 2577 per
1426 2532 1598 2567 Parthum

262 2580 295 2621 §-
328 2580 363 2613 3.
397 2580 458 2614 sub
479 2584 582 2624 patre
605 2585 665 2613 tuo
679 2604 690 2621 ‚
732 2580 783 2616 M.
818 2580 872 2614 Vi·
939 2579 1096 2614 indicata
1119 2578 1282 2622 Caesari,
1301 2582 1407 2623 fama
1423 2579 1596 2624 vulgavit.

213 2625 297 2659 uici.
323 2626 479 2669 Exempl.
505 2629 576 2661 vet.
601 2625 651 2658 sic
679 2625 809 2668 habet,
832 2629 872 2660 ut
943 2625 1083 2660 Curtius
1114 2624 1172 2658 lv.
1196 2624 1231 2659 9.
1282 2626 1327 2660 Ut
1367 2625 1500 2659 idoneis
1531 2636 1600 2659 aa-

214 2670 331 2716 potius
354 2671 540 2717 legendum
563 2671 779 2706 existimem:
811 2673 873 2708 sub
940 2672 1088 2706 ctoribus
1114 2673 1220 2714 sama
1253 2672 1425 2718 vulgavit.
1472 2670 1598 2715 Sulpi-
1657 2676 1662 2679 ¹

214 2721 318 2763 patre
343 2721 405 2754 tuo
432 2719 484 2753 M.
515 2718 657 2753 Vinicio.
683 2718 825 2756 Binum.
900 2742 907 2748 «
941 2717 1016 2754 eius
1049 2717 1171 2752 Sever.
1204 2717 1300 2754 mal.
1328 2718 1357 2753 1.
1393 2717 1452 2755 1⁷.
1490 2720 1599 2762 fama
