1728 3054
240 184 329 231 25⁰

547 181 596 231 0.
625 178 904 228 VELLEH
952 182 1343 230 PATERGUM

242 298 459 347 furenteis
505 311 662 342 eorum
708 297 823 343 vires
866 299 1090 347 universas
1137 299 1354 346 evasimus
1396 301 1632 362 partibus?

244 373 413 427 quanto
458 380 561 411 cum
605 372 966 426 temperamento
1011 369 1142 413 simul
1188 370 1386 422 utilitatis
1430 386 1526 416 res-
1545 387 1630 420 au-

245 435 451 482 ctoritate
479 435 759 495 imperatoris
790 437 867 498 agi
897 436 1118 483 vidimus?
1151 453 1241 497 qua
1271 438 1510 498 prudentia
1538 440 1628 499 hy-

243 505 384 549 berna
418 503 634 565 disposita
667 506 802 552 sunt?
854 513 1022 565 quanto
1058 522 1199 567 opere
1237 508 1431 557 inclusus
1474 516 1627 556 eusto-

244 573 328 621 diis
363 574 581 622 exercitus
614 576 775 634 nostri,
820 591 878 625 ne
922 591 1012 635 qua
1053 582 1206 637 posset
1250 592 1511 637 erumpere,
1555 579 1627 623 in.-

243 657 419 702 opsque
453 644 712 705 copiarum,
755 650 800 693 et
832 645 947 695 intra
980 661 1029 691 se
1061 646 1238 703 furens,
1286 647 1451 698 viribus
1483 647 1626 693 hostis

242 712 618 772 elanguesceret?

379 780 515 828 cAP.
542 781 683 831 CXII.
720 780 874 826 Felix
867 788 1065 840 eventu,
1100 783 1219 829 forte
1253 789 1443 840 conatu,
1476 784 1624 845 prima

238 856 407 896 aestate
451 848 588 910 belli,
624 850 855 896 Messalini
905 866 1020 912 opus
1062 853 1368 898 mandandum
1413 860 1480 903 est
1523 869 1622 900 me-

198 927 227 968 2
238 920 421 969 moriae.

273 1058 449 1102 furenteis
485 1057 524 1096 iu
562 1069 641 1093 eum
675 1058 781 1092 vireis
813 1059 893 1098 uni-

237 1115 368 1143 versas.
379 1105 538 1150 Exempl.
550 1109 675 1141 vetust.
698 1105 807 1140 habet
815 1109 895 1149 :su-

234 1152 362 1187 renteis
381 1163 498 1186 eorum
517 1152 608 1187 vires
629 1153 809 1186 universas
825 1157 891 1189 etc.

235 1197 378 1235 Bonan.
417 1198 509 1232 Edit.
549 1210 601 1242 pr.
643 1200 818 1242 furenteis
855 1195 892 1233 in

233 1255 311 1277 eum
333 1245 438 1281 vireis
456 1245 644 1282 universa-s.
671 1245 893 1289 Legendum.

222 1291 406 1336 'florenteis
446 1302 562 1325 eorum
589 1292 679 1330 vires
712 1292 892 1327 unitersas

234 1338 455 1372 exhausimus
480 1337 668 1391 partibus-2?
699 1338 893 1381 Eleganter

226 1385 393 1428 florentes
414 1385 524 1425 vires,
548 1388 587 1417 ut
611 1383 731 1418 Livius
751 1384 811 1418 Ι.9
789 1402 822 1422 a·
843 1385 891 1419 ad

224 1430 391 1474 florentes
414 1431 638 1464 Etruscorum
665 1441 745 1474 opes
770 1435 888 1474 consu-

230 1477 345 1521 giunt.
364 1478 485 1516 lustin.
500 1477 538 1511 V.
558 1477 590 1516 1,
601 1478 767 1521 florentes
779 1479 889 1511 Athe-

230 1523 401 1560 niensium
433 1535 514 1569 opes
548 1525 669 1557 ruisse.
713 1523 782 1557 Sed
813 1523 888 1567 ipse

229 1569 384 1604 Velleius
413 1570 507 1608 haur.
544 1569 728 1604 lectionem
760 1571 888 1606 confir-

229 1621 303 1651 mat
343 1618 387 1650 11.
422 1616 501 1650 no.
535 1621 569 1650 et
601 1617 727 1650 adulta
756 1617 887 1652 viribus

230 1663 421 1697 Delmatia.
454 1663 538 1696 item
579 1662 648 1696 Dio
681 1663 778 1697 Cass.
813 1664 884 1698 LV.

228 1720 310 1766 pag.
337 1709 433 1753 802..
457 1722 507 1750 ως
529 1708 565 1744 οἱ
594 1708 792 1753 Δαλμάται
816 1707 887 1755 τήν

226 1752 377 1801 ἠλικίαν
405 1757 514 1799 σφῶν
540 1753 739 1791 ἀνθοῦσαν
771 1731 885 1798 εἶδον.

226 1803 461 1837 Exhausimus
489 1808 605 1838 certae
635 1803 778 1840 Grute1i
802 1815 886 1838 con-

224 1848 380 1889 iecturae
420 1849 576 1883 debetur.
627 1850 743 1885 Valet.
786 1851 884 1887 Max.

224 1895 373 1936 111.4.4,
397 1896 481 1929 Cum
506 1897 602 1940 apud
619 1894 759 1930 Cannas
781 1898 883 1941 culpa

224 1953 290 1976 sua
314 1943 406 1975 vires
427 1943 546 1986 populi
571 1943 723 1976 Romani
750 1943 883 1982 exhau-

225 1989 336 2024 sisset.
366 1989 427 2023 Ill.
449 1988 483 2022 7.
505 1989 562 2022 lo.
590 1990 762 2022 Cannensi
781 1990 881 2023 clade

226 2035 402 2072 exhaustis
417 2035 570 2069 Romani
590 2036 726 2079 imperii
741 2036 881 2072 viribus.

225 2081 366 2115 Vossius
402 2082 588 2126 vulgatum
623 2081 738 2115 minus
767 2082 883 2115 consi-

224 2128 343 2164 ‹len-ate
366 2127 521 2162 defendit
549 2139 591 2162 ex
615 2127 774 2163 Suetonii
797 2128 882 2163 Tib.

223 2173 281 2213 20.
319 2174 379 2207 ubi
404 2174 570 2208 Tiberius
592 2175 720 2209 Batoni
744 2175 880 2220 gratias

222 2221 355 2262 refert,
401 2222 493 2265 quod
534 2233 572 2255 se
604 2233 686 2255 cum
726 2221 879 2255 exercitu

221 2266 407 2312 iniquitate
421 2268 490 2302 loci
509 2268 788 2308 circumclusum.
800 2279 880 2312 pus.-

221 2324 280 2348 sus
303 2319 392 2348 esset
414 2314 573 2348 evadere.
604 2315 711 2358 Atqui
734 2314 877 2349 Tiberi.-

221 2370 281 2393 um
303 2360 447 2395 decebat
470 2362 540 2394 hoe
559 2361 756 2404 periculum
778 2372 875 2394 com-

219 2416 439 2449 memorare,
463 2418 532 2441 non
555 2407 694 2441 Tiberii
714 2408 875 2442 adulato-

219 2463 316 2495 rem,
350 2454 541 2496 Velleium,
573 2452 698 2488 saltem
730 2465 798 2493 non
831 2464 873 2487 eo

216 2498 324 2542 loco,
368 2501 428 2534 ubi
462 2500 573 2544 plenis
605 2500 694 2536 velis
726 2500 763 2535 in
798 2499 874 2534 eius

216 2544 340 2582 laudes
366 2547 518 2581 vehitur.

260 2593 432 2636 partibus.
475 2594 568 2627 Puto
608 2593 679 2638 leg.
728 2592 872 2627 artibus.

215 2638 387 2675 Busan.
429 2639 593 2674 Rhenani
636 2638 873 2673 coniecturam

214 2685 310 2722 situle
341 2690 479 2720 secutus
504 2687 718 2721 vascosanus
741 2684 871 2718 edidit:

213 2732 318 2765 vireis
340 2730 740 2768 universas-evasimus?
763 2742 873 2777 quan-

490 921 582 980 Qui
615 921 683 968 vir
715 920 864 969 animo
899 922 1056 980 etiam,
1101 937 1238 982 quam
1277 929 1439 984 gente,
1486 924 1621 973 nobi*

959 1059 1006 1095 tis
1034 1059 1190 1101 artibus,
1220 1063 1351 1105 quanto
1376 1072 1454 1096 cum
1480 1066 1619 1108 tempe-

958 1111 1117 1145 ramento
1138 1109 1203 1141 etc.

1005 1158 1134 1196 quanto
1165 1163 1241 1186 cum
1275 1157 1545 1198 temperamento
1567 1155 1617 1189 si-

957 1200 1030 1232 mul
1062 1203 1126 1233 etc.
1173 1199 1392 1234 Coniecimus
1423 1201 1467 1239 ad
1502 1201 1616 1241 Rutil.

956 1245 1045 1288 Lup.
1069 1245 1097 1279 1.
1122 1245 1178 1281 13.
1202 1256 1285 1290 pag
1307 1245 1365 1281 46.
1385 1251 1514 1291 quanto
1537 1259 1614 1285 cum

956 1295 1227 1335 temperamento
1252 1293 1355 1326 simul
1378 1294 1556 1335 civilitatis
1579 1299 1614 1328 et

959 1338 1178 1374 auctoritatis
1209 1338 1428 1383 imperatoris
1460 1351 1515 1373 res
1547 1341 1613 1386 agi

957 1383 1134 1417 vidimus?
1177 1383 1248 1417 Sed
1288 1384 1386 1419 aliud
1416 1385 1612 1457 remedium

956 1430 1238 1474 exspectandum.
1269 1446 1338 1461 e
1419 1444 1454 1463 ‘f‘

954 1488 1075 1557 120⁹..ssss
1084 1476 1317 1565 Βξζῗῃῗέἔὶἶ,
1335 1476 1612 1569 ..liff‘jfflsai‘iss

955 1570 1028 1612 tia,
1053 1581 1097 1604 ne
1119 1569 1213 1604 idem
1235 1570 1447 1604 vocabulum
1470 1572 1609 1607 tantillo

952 1615 1139 1651 intervallo
1159 1620 1346 1660 repetatur.
1380 1616 1466 1651 Vide
1488 1619 1609 1656 navis.

954 1662 999 1698 ad
1023 1662 1096 1698 Cic.
1120 1663 1226 1698 Aead.
1251 1664 1279 1697 1.
1304 1661 1339 1697 8.

999 1713 1127 1754 quanto
1150 1721 1251 1754 opere
1275 1709 1425 1744 inclusus
1446 1710 1608 1746 custodiis

951 1758 1016 1789 etc.
1049 1755 1211 1800 Nondum
1248 1767 1306 1790 me
1338 1756 1491 1800 poenitet
1522 1768 1607 1791 con-

950 1797 1125 1844 iecturae,
1155 1813 1264 1850 quam
1293 1802 1339 1836 ad
1367 1802 1480 1837 Rutu.
1515 1803 1604 1848 Lup.

949 1848 978 1889 1,
1000 1849 1057 1884 13.
1082 1859 1162 1894 pag
1185 1848 1242 1884 46.
1267 1848 1453 1893 proposui=
1475 1855 1603 1894 quanto

949 1906 1050 1939 opere
1073 1896 1221 1930 inclusus
1243 1895 1405 1929 custodiis
1436 1897 1603 1929 exercitus

948 1942 1057 1975 nostri
1072 1941 1189 1983 hostis,
1205 1953 1249 1975 ne
1271 1953 1345 1994 qua
1353 1947 1469 1991 posset
1485 1953 1599 1975 erum-

944 1998 1047 2032 pere,
1076 1989 1241 2032 inopsque
1270 1987 1466 2031 copiarum,
1495 1993 1529 2022 et
1548 1989 1600 2021 ire-.-

947 2039 1005 2072 tra
1040 2045 1076 2068 se
1103 2036 1245 2077 Jizrens,
1286 2034 1417 2071 viribus
1455 2034 1600 2076 haustis,

947 2079 1239 2134 elanguesceret?
1294 2080 1412 2114 Hostis
1452 2078 1598 2114 interce-

946 2131 1043 2170 ptum
1069 2130 1121 2161 est
1150 2137 1172 2160 a
1205 2125 1321 2163 vicino
1351 2127 1472 2160 nostri.
1507 2127 1598 2160 Piri-

947 2174 1008 2207 bus
1045 2173 1179 2209 haustis
1217 2184 1281 2227 pro
1327 2173 1519 2214 exhaustis,
1558 2176 1597 2207 ut

944 2230 1060 2263 saepe.
1083 2220 1193 2253 Porro
1216 2224 1311 2256 antra
1337 2230 1386 2253 se
1400 2229 1467 2253 non
1491 2219 1597 2252 debe-

943 2266 1004 2300 bat
1049 2266 1231 2300 sollicitari
1275 2265 1320 2301 ab
1368 2263 1514 2298 Heinsio
1559 2268 1595 2300 et

942 2313 1159 2348 Burmanno.
1195 2312 1322 2345 Florus
1362 2311 1423 2344 111.
1456 2310 1513 2350 21,
1558 2312 1592 2347 1.

942 2359 1017 2397 Hoc
1040 2359 1161 2398 deerat
1183 2369 1288 2391 unum
1307 2358 1427 2402 populi
1444 2357 1595 2392 Romani

940 2406 1055 2446 ιηαῑίε,
1079 2406 1151 2439 iam
1174 2409 1212 2438 ut
1233 2405 1305 2449 ipse
1328 2404 1422 2438 intra
1445 2415 1481 2437 se
1502 2416 1591 2448 par-

939 2452 1084 2486 ricidale
1116 2452 1239 2484 bellum
1274 2450 1368 2484 domi
1390 2451 1590 2496 stringeret.

938 2497 999 2535 uhi
1023 2498 1102 2532 vide
1124 2497 1312 2538 Dukerum.

985 2544 1086 2579 CAP.
1116 2544 1220 2582 CXH.
1255 2544 1287 2586 ξ,
1320 2543 1355 2578 2.
1394 2543 1449 2576 vir
1474 2544 1590 2577 animo

938 2591 1065 2630 ctiam,
1089 2601 1193 2636 quam
1216 2594 1333 2634 gente,
1355 2590 1509 2628 nobilior.
1535 2590 1590 2624 lta

937 2637 1094 2671 Liv.1v.
1128 2636 1185 2670 28.
1220 2637 1364 2674 nobilior
1386 2637 1440 2671 vit
1465 2636 1587 2679 factis,

938 2694 1042 2728 quam
1078 2694 1217 2728 genere,
1258 2681 1409 2717 Velleius
1445 2682 1492 2716 Il.
1529 2681 1585 2716 13.

937 2729 1076 2766 meliore
1094 2730 1130 2764 in
1151 2729 1269 2765 omnia
1290 2729 1431 2776 ingenio
1455 2728 1587 2763 am'mo-
1631 2757 1633 2759 .
