1728 3054
179 254 181 259 ,
220 221 278 262 72
506 214 553 255 C.
587 211 873 258 VELLEII
906 216 1303 265 PATERcUm

55 362 60 371 .
92 315 163 375 (tuiz
199 332 352 386 uidit,
385 330 534 388 ipsum
567 329 731 390 le‘lfim
765 331 942 377 civitate
968 333 1194 392 donando,
1231 336 1344 384 duos
1366 339 1481 386 filios
1504 342 1596 387 eius

0 403 5 419 ³
54 432 61 439 s
129 435 131 437 .
187 397 422 451 4creando
445 404 698 458 praetores,
733 414 836 445 cum
871 401 963 447 seni
998 403 1150 449 adhuc
1178 413 1442 453 crearentur.
1478 410 1597 456 Tam
1658 413 1663 420 '
1707 417 1728 437 ”¹

226 469 349 513 varia
383 472 516 525 atque
551 473 677 512 atrox
718 469 897 515 fortuna
930 471 1074 517 Italici
1117 473 1227 517 beni
1269 475 1377 531 fuit,
1422 482 1473 521 ut
1513 494 1597 539 per
1718 466 1728 484 '¹

227 535 454 582 biennium
490 537 748 582 continuum
783 538 875 584 duo
912 540 1104 585 Romani
1139 541 1261 586 Coss.
1295 543 1510 602 Rutilius,
1544 563 1600 595 ac

229 603 394 649 deinde
429 603 543 649 Cato
571 606 754 652 Porcius
790 610 847 654 ab
882 607 1082 654 hostibus
1117 611 1438 671 occiderentur,
1473 631 1601 661 exer-

230 675 341 720 citus
375 674 426 717 P.
460 673 519 716 R.
562 676 710 721 multis
753 677 799 721 in
841 678 954 723 locis
984 679 1309 742 funderentur,
1355 689 1494 742 utque
1541 685 1602 730 ad

230 758 341 804 saga
373 742 525 798 iretur,
561 742 728 803 diuque
761 746 807 789 in
842 761 897 791 eo
931 747 1089 792 habitu
1120 745 1383 796 maneretur.
1454 752 1604 814 Caput

230 811 409 871 imperii
451 811 517 856 sui
559 811 805 859 Corfinium
858 815 1087 875 legerant,
1142 819 1267 879 quod
1320 821 1606 882 appellarunt

230 881 450 926 Italicum.
504 880 724 927 Paulatim
766 882 929 928 deinde
972 886 1232 949 recipiendo
1277 888 1324 936 in
1367 892 1606 952 civitatem,

233 951 313 1009 qui
348 964 471 993 arma
505 958 581 995 aut
629 967 719 996 non
763 959 997 1012 ceperant,
1043 961 1118 998 aut
1166 956 1466 1016 deposuerant
1509 977 1609 1006 ma-

233 1019 396 1074 turius,
450 1017 563 1062 vires
605 1021 801 1066 refectae
844 1028 965 1078 sunt,
1013 1023 1259 1084 Pompeio,
1310 1027 1525 1088 Sullaque
1565 1035 1610 1075 et

234 1088 385 1133 Mario
420 1086 633 1135 fluentem
664 1092 1128 1152 procumbentemque
1170 1108 1312 1156 remp.
1358 1097 1409 1142 P.
1438 1098 1502 1143 R.
1537 1113 1613 1144 re—

236 1156 524 1203 stituentibuS.

281 1290 314 1332 ς.
337 1288 371 1323 4.
399 1300 465 1334 per
487 1287 660 1324 biennium
682 1291 892 1326 continuum.

233 1335 295 1370 Sic
318 1334 412 1369 dedit
433 1335 525 1371 Edit.
550 1337 659 1372 Basil.
692 1341 732 1372 ut
763 1338 811 1372 II.
834 1338 893 1373 48.

231 1393 297 1427 per
329 1382 505 1416 continuos
545 1382 619 1416 XX
653 1395 771 1418 annos.
795 1384 893 1419 Edit.

192 1426 196 1431 ”
233 1439 289 1473 pr.
319 1439 384 1473 per
409 1428 582 1463 biennium
605 1431 773 1464 continuo.

285 1484 470 1528 Corfinium
494 1487 719 1532 legeruntque
753 1488 897 1522 Italica-

235 1531 283 1565 m'.
316 1532 476 1575 Exempl.
502 1536 600 1566 vetus
631 1534 758 1568 habet:
782 1535 898 1579 “Corfi-

235 1578 331 1612 nium
355 1579 537 1623 legerant,
566 1580 656 1623 quod
679 1580 918 1625 appellarent·

237 1625 411 1658 Italicum.
433 1625 597 1658 Fortasse
616 1626 814 1670 legendum,
832 1639 896 1672 ap-

233 1671 568 1715 pellaruntBrmzn.
578 1672 707 1706 Mirum
721 1677 783 1716 est,
798 1674 897 1708 Rhe-

236 1727 387 1760 nanum,
412 1717 471 1760 qui
492 1718 656 1752 codicem
678 1725 830 1754 veterem
849 1721 895 1754 ob

237 1763 358 1796 oculos
386 1763 551 1804 haberet,
586 1765 703 1810 legere
726 1767 896 1810 potuisse:

238 1809 425 1852 Corfinium
464 1811 690 1856 legeruntque
720 1813 894 1847 Italicani.

173 1895 176 1901 Ι
237 1854 360 1890 Nihilo
385 1860 502 1889 tamen
525 1857 639 1890 minus
661 1869 725 1891 sua
748 1859 897 1893 Burerio

237 1900 325 1935 fides
362 1901 457 1945 apud
497 1913 554 1935 me
600 1908 752 1946 constat3
799 1905 898 1939 cuius

239 1947 348 1982 etiam
378 1947 629 1982 correctionem
664 1952 895 1994 appellarunt,

240 1993 401 2037 exemplo
425 1994 594 2028 Editionis
625 1995 736 2037 lunt..
769 1997 898 2041 recepi.

239 2039 435 2073 Corfinium
473 2044 548 2074 tum
594 2042 754 2076 Italicam
793 2054 898 2077 voea-

238 2089 314 2120 tam
336 2085 492 2120 scribunt
514 2087 642 2121 Strabo
665 2089 704 2122 V.
726 2100 805 2134 pag.
814 2090 895 2124 369.

238 2136 275 2166 et
306 2132 348 2165 de
379 2133 574 2167 casauboni
606 2134 899 2180 Wesselingiique

239 2178 479 2212 emendatione
510 2180 654 2214 Diodor.
681 2181 791 2216 Sicul.
825 2184 898 2216 Ex-

174 2247 177 2249 -
241 2228 348 2267 cerpt.
383 2236 466 2269 pag.
500 2225 579 2260 539.
618 2227 657 2260 Id
685 2228 716 2261 si
748 2228 825 2271 quis
862 2228 899 2262 in

224 2270 379 2313 ,Velleio
412 2272 589 2315 praeferat
621 2284 701 2307 cum
731 2275 899 2316 Putfflno,

241 2327 312 2351 non
351 2317 454 2351 valde
483 2330 703 2365 repugnem,
745 2333 903 2365 praeser-

242 2363 308 2398 tim
331 2374 411 2397 cum
435 2375 476 2397 eo
499 2365 626 2399 ducant
646 2366 797 2412 vestigia
815 2367 904 2401 scri-

242 2414 387 2454 pturae,
424 2421 530 2454 quam
561 2412 750 2447 Rhenanus
784 2413 904 2457 prodi-

247 2455 309 2496 dit,
336 2457 510 2492 Italicani.
545 2459 743 2503 [vascosan.
766 2460 903 2504 scripsit·

247 2502 469 2537 Italicanum.
501 2505 554 2538 Ex
575 2503 683 2545 Aba]

320 2573 488 2615 fluentem
551 2575 903 2620 procumbentemque.

251 2617 432 2652 Fluentem
455 2619 614 2665 intellige
645 2621 831 2662 labentem,
867 2625 906 2657 ut

243 2662 322 2697 loco
357 2664 538 2699 simillimo
578 2666 662 2701 dixit
703 2667 774 2701 Cic.
807 2668 902 2703 Phil.

243 2709 288 2743 11.
320 2709 377 2744 21.
421 2723 497 2746 cum
529 2713 701 2747 labentem
735 2719 770 2748 et
796 2725 903 2759 prope

243 2756 424 2793 cadentem
445 2770 553 2805 remp.
570 2761 700 2804 fulcire
722 2762 903 2806 cuperetis.

959 1292 1082 1328 Manil.
1115 1294 1160 1329 11.
1183 1293 1262 1330 80⁴1.
1296 1295 1493 1332 Dissociata
1519 1298 1615 1342 fluat

960 1341 1107 1374 resoluto
1139 1342 1301 1376 machina
1336 1344 1475 1378 mundo.
1518 1344 1617 1379 cuius

961 1385 1111 1420 alterum
1141 1388 1258 1422 locum
1287 1389 1345 1423 lv.
1378 1389 1435 1425 17.
1466 1390 1557 1424 Hinc
1581 1395 1617 1426 et

963 1442 1044 1475 opes
1069 1437 1103 1466 et
1124 1445 1239 1478 regna
1253 1435 1383 1478 fluunt,
1410 1435 1434 1470 i.
1445 1447 1474 1470 e.
1499 1436 1618 1471 oriun-

963 1480 1032 1519 tur,
1055 1490 1236 1523 perperam
1259 1480 1303 1514 ad
1325 1481 1417 1515 hane
1437 1481 1619 1528 significa-

962 1523 1093 1559 tionem
1115 1526 1223 1560 ret'ert
1245 1526 1384 1561 Cortius
1407 1528 1453 1562 ad
1477 1528 1618 1563 Sallust.

963 1570 1065 1605 Catil.
1091 1571 1123 1612 1,
1154 1572 1285 1607 Seneca
1309 1574 1409 1610 Cons.
1440 1575 1483 1608 ad
1511 1575 1619 1610 Marc.

963 1616 1022 1650 21.
1036 1618 1217 1652 Labuntur
1241 1619 1406 1660 humana,
1432 1633 1473 1654 ac
1490 1623 1618 1666 fluunt.

962 1663 1122 1699 Lactant.
1146 1666 1188 1699 de
1219 1665 1269 1700 M.
1301 1667 1341 1700 P.
1373 1666 1428 1700 24.
1462 1679 1518 1701 res·
1546 1668 1620 1702 eiua

965 1710 1074 1744 dilabi
1109 1723 1150 1745 ac
1177 1713 1290 1755 fluere
1325 1719 1516 1757 coeperunt.
1550 1713 1620 1747 Sed

963 1755 1105 1791 inanem
1127 1769 1270 1801 operam
1291 1759 1461 1794 sumimus
1492 1759 1529 1793 in
1551 1760 1621 1793 hoc

965 1804 1073 1836 verbo
1113 1804 1318 1838 illustrando
1357 1811 1432 1849 post
1466 1807 1618 1840 Gronov.

964 1849 1007 1883 ad
1032 1849 1106 1882 Liv.
1134 1851 1273 1886 xxvll.
1299 1850 1356 1885 17.
1391 1851 1518 1886 Graeci
1541 1850 1619 1896 ῥεῖν

963 1895 1126 1929 similiter
1158 1896 1285 1931 dicunt.
1319 1897 1475 1942 Gorgiae
1506 1898 1620 1932 Leon-

963 1940 1028 1974 tini
1060 1941 1191 1976 dictum
1223 1946 1275 1976 est
1303 1944 1396 1987 apud
1431 1944 1621 1978 stobaeum

965 1987 1078 2021 Serm.
1104 1988 1240 2024 cxvn.
1272 1999 1353 2035 pag.
1377 1990 1457 2024 60⁰.
1493 1988 1533 2026 ἐκ
1558 2001 1623 2026 σοι*

964 2035 1065 2077 maoz?
1088 2035 1149 2069 καὶ
1169 2033 1317 2078 ῥέοντος
1336 2036 1494 2073 οἰκιδίου
1513 2034 1623 2082 ἀσμέ-

963 2091 1037 2120 νως
1061 2076 1352 2126 ἀπαλλάττομαι.

965 2206 989 2240 b
1010 2162 1448 2243 ⁴{emptibliciz)m.Rlihrgmpl.
1469 2163 1623 2243 vetAhg-

992 2217 1043 2240 e:
1078 2219 1151 2241 rem
1227 2233 1235 2242 .
1296 2234 1304 2241 .
1375 2220 1480 2243 unna.
1555 2220 1623 2243 ηι-

967 2263 1036 2295 qua
1058 2253 1235 2296 formula,
1269 2258 1303 2288 et
1327 2255 1487 2299 frequens
1519 2255 1555 2288 in
1578 2255 1622 2289 li-

969 2298 1043 2333 bris
1075 2303 1110 2334 et
1141 2300 1392 2343 marmoribus,
1433 2302 1624 2345 respublica

972 2346 1094 2389 Populi
1133 2346 1304 2389 Romani,
1355 2347 1413 2380 vel
1449 2348 1625 2392 publicum

966 2393 1088 2436 populi
1110 2393 1270 2427 Romani.
1296 2393 1399 2437 Lapis
1423 2393 1515 2436 apud
1531 2394 1626 2428 Gru-

968 2441 1033 2472 ter.
1057 2450 1139 2483 pag.
1165 2439 1244 2473 149.
1279 2438 1314 2473 4.
1355 2441 1530 2484 republica
1560 2451 1625 2484 po·-

966 2485 1044 2528 puli
1094 2486 1194 2520 Rom.
1240 2485 1374 2530 legibus
1420 2489 1625 2530 reformata.

972 2529 1070 2564 Alius
1089 2542 1169 2576 pag.
1194 2530 1273 2568 135.
1298 2532 1331 2566 1.
1358 2532 1532 2566 Fortunae
1558 2543 1626 2576 pu—

974 2577 1083 2610 blicae
1115 2579 1237 2622 populi
1274 2578 1425 2612 Romani
1463 2579 1500 2613 in
1530 2580 1624 2614 colle.

969 2623 1001 2656 F
1001 2633 1113 2668 ragm.
1145 2624 1281 2658 Fastor.
1312 2625 1476 2658 Fratrum
1509 2625 1627 2659 Arval-

970 2670 1064 2712 apud
1087 2670 1259 2704 Murator.
1288 2681 1373 2715 pag.
1393 2670 1471 2704 34⁰.
1494 2670 1528 2704 2.
1562 2672 1628 2704 im·-
1700 2687 1703 2690 ·

969 2716 1113 2750 molavit
1137 2717 1253 2751 Saluti
1270 2717 1431 2763 publicae
1450 2717 1490 2751 P.
1500 2717 1543 2751 R.
1568 2717 1626 2751 bo·

968 2772 1045 2799 vem
1068 2763 1254 2807 feminam.
1295 2763 1399 2799 uano
1436 2763 1627 2799 formulam
