1728 3054
292 206 434 248 cxxiv
614 197 896 247 NOTITIA
934 198 1356 249 LITTERARIA

430 313 527 364 dum
563 316 735 359 constat,
803 313 989 366 Utraque
1014 317 1161 360 autem
1195 312 1320 357 editio
1345 313 1462 355 fluxit
1486 325 1663 367 erapo-

426 369 582 425 grapho
608 370 759 410 codicis
791 383 864 423 per
893 371 1079 416 Rhenani
1108 370 1281 416 amicum
1316 371 1569 423 negligenter
1602 372 1666 412 fa-

430 431 518 479 cto,
556 427 663 478 quod
702 426 835 467 editor
872 429 1034 480 quidem
1075 427 1224 468 deiude
1258 440 1349 468 cum
1378 428 1485 470 libro
1510 428 1662 479 scripto

428 483 614 524 contulit.
674 482 777 526 Nam
816 484 896 525 hoc
934 486 1119 537 inspecto
1154 483 1390 525 facillimum
1422 487 1510 524 erat
1537 484 1663 525 multa

426 539 527 588 vitia
553 539 782 591 corrigere,
820 554 923 593 quae
949 541 1196 592 Rhenanus,
1242 540 1306 581 vel
1339 541 1382 581 iu
1416 541 1505 594 ipso
1531 545 1663 589 textu,

426 596 493 645 vel
524 595 566 636 in
596 597 710 646 ⁸notis
746 598 1052 649 marginalibus,
1089 611 1372 650 nonnunquam
1403 597 1501 639 satis
1531 598 1662 638 felici·

428 657 515 704 ter,
553 653 655 694 adeo
682 657 728 696 ut
757 655 909 695 codicis
938 655 1155 699 lectionem
1187 655 1664 706 assequeretutsconie-

427 714 542 755 etura
573 709 657 752 sola
689 723 832 752 sanare
867 713 1049 754 tentavit.
1113 713 1227 762 Quae
1262 717 1398 753 autem
1437 710 1664 763 deliquerat
1724 756 1728 760 ᾗ

426 767 561 806 scriba
583 766 794 818 Rhenani‚
822 768 937 820 isque
964 769 1077 821 ipse,
1117 769 1259 808 codice
1283 768 1392 811 haud
1416 772 1662 820 comparato,

416 823 687 876 'neglexeran
718 825 1033 868 emendavitIo.
1061 825 1160 869 Alb.
1187 825 1415 873 Emeritos,
1445 825 1527 876 qui,
1563 824 1660 866 dum

412 879 530 930 'liber
551 879 834 921 Murbacensis
859 881 966 934 apud
986 881 1390 928 Frobeniumpadhuc
1419 884 1525 930 erat,
1553 880 1662 920 hunc

356 943 358 946 ’
386 937 741 989 V,diligentissimer
761 951 853 977 cum
890 938 1067 978 editione
1101 952 1126 977 a
1151 938 1265 990 prelo
1293 938 1449 978 recenti
1475 937 1661 987 contulit,

426 997 469 1034 et
492 993 800 1046 ,minutissimam
833 995 1143 1048 discrepantiam
1166 995 1374 1044 lectionis,
1402 994 1659 1045 syllabarum,

422 1050 652 1102 literarum,
692 1049 955 1103 punctorum,
996 1056 1039 1092 et
1068 1051 1262 1104 quidquid
1294 1051 1426 1091 codex
1460 1050 1545 1090 sive
1570 1063 1660 1090 cor-

421 1112 575 1160 rupte‚.
603 1107 689 1147 sive
721 1109 847 1158 bene,
887 1109 972 1148 sive
1009 1109 1139 1157 clare,
1175 1108 1260 1148 sive
1299 1109 1494 1156 obscure,
1543 1107 1607 1146 vel
1636 1120 1660 1148 a
1709 1157 1713 1160 ξ

418 1165 550 1220 prima
570 1164 635 1209 vel
660 1178 683 1203 a
707 1166 950 1204 correcti-icc
974 1178 1093 1205 manu
1121 1165 1249 1204 oculis
1281 1164 1517 1212 obiiciebat‚
1546 1163 1659 1204 nullo

424 1233 562 1260 amore
605 1220 698 1260 libri
738 1223 800 1261 sui
846 1222 1033 1273 nullaque
1074 1221 1223 1261 invidia
1265 1221 1452 1261 Rhenani
1501 1220 1658 1271 ductus,

426 1289 582 1325 summa
614 1277 697 1323 fide
737 1281 778 1317 et
806 1278 1003 1330 religione
1036 1279 1198 1319 notavit.
1257 1279 1371 1329 Quae
1397 1277 1552 1325 omnia·
1580 1289 1659 1316 una

421 1346 514 1380 cum
547 1334 630 1373 suis
669 1335 932 1385 coniecturis,
977 1348 1075 1386 quas
1105 1335 1321 1385 diligenter
1354 1348 1378 1374 a
1413 1333 1563 1379 codicis
1599 1333 1660 1375 le-

420 1390 557 1435 ctione
586 1391 820 1442 distinguit,
859 1391 911 1431 ad
945 1391 1097 1432 calcem
1137 1392 1324 1430 editionis
1355 1390 1511 1443 primae
1539 1389 1660 1429 adiici

422 1447 587 1488 curavmit
646 1418 820 1487 Etiamsi
855 1460 950 1488 vero
983 1435 1204 1488 Rhenanus
1241 1451 1284 1488 et
1316 1447 1508 1494 Burerius
1548 1446 1659 1486 haud

421 1516 551 1556 pauca
593 1508 873 1555 correxerunt,
928 1509 1065 1544 tamen
1104 1516 1288 1555 magnam
1333 1503 1658 1552 emendationmn

420 1560 699 1609 faciendarum,
723 1574 898 1600 messem
924 1561 1229 1612 insequentibus
1257 1560 1478 1600 editoribus
1508 1559 1656 1599 Veileii
1700 1562 1710 1567 ⁴

418 1617 682 1670 reliquerunt.
712 1617 814 1671 [Csr.
845 1618 965 1658 etiam
1001 1619 1145 1657 Eberti
1175 1617 1357 1658 Lexicon
1383 1616 1655 1670 Bibliograph.
1698 1660 1710 1674 Χ

418 1672 515 1721 Vol.
547 1674 599 1714 11.
626 1687 715 1727 pag.
739 1678 861 1716 1⁰19.
896 1687 933 1714 ιι.
957 1675 1129 1742 23470]

495 1730 710 1771 Proximae
737 1731 935 1771 editiones
957 1732 1179 1784 principem
1202 1731 1309 1771 illam
1329 1730 1541 1772 maximam
1562 1743 1654 1782 par-

418 1790 504 1827 tem
523 1793 764 1846 sequuntur,
795 1792 1031 1836 nontamen
1056 1801 1222 1841 prorsus
1259 1788 1380 1839 nihil,
1414 1800 1653 1854 quamquam

420 1843 571 1893 rarius,
618 1847 833 1883 tentantes.

278 1897 391 1942 1525
419 1900 604 1939 Iuntina.
635 1903 676 1942 8.
710 1913 801 1939 cum
831 1900 983 1940 Iustino
1016 1903 1058 1940 et
1088 1899 1260 1952 Nepote.
1307 1898 1356 1939 P.
1395 1897 1545 1940 Velleii
1567 1898 1652 1938 Pa-

419 1956 575 1997 terculi
595 1942 802 1996 historiae
829 1957 1051 1996 Romanae
1081 1956 1164 1996 duo
1185 1957 1395 1996 volumina
1422 1967 1553 2010 nuper
1584 1967 1653 1994 re·-

410 2017 540 2079 perta
576 2011 980 2066 diligentissimeque
1014 2018 1183 2053 excusa.
1242 2013 1289 2053 In
1325 2013 1429 2053 fine:
1475 2011 1653 2052 Floren-

417 2071 525 2120 tiae,
569 2081 647 2123 per
682 2069 858 2109 heredes
901 2069 1087 2123 Philippi
1126 2069 1278 2110 [antae
1323 2069 1451 2118 Auno
1493 2067 1653 2108 domim·

419 2127 543 2168 1525.
577 2149 635 2156 —-
671 2125 759 2165 Hac
787 2126 988 2174 editione,
1033 2126 1206 2179 primum
1240 2125 1385 2166 collata
1411 2140 1434 2166 a
1457 2125 1650 2165 Ruhnke-

417 2183 506 2233 nio,
534 2195 812 2236 nonnunquam
838 2196 920 2222 non
940 2183 1070 2222 solnm
1089 2182 1241 2222 codicis
1268 2183 1403 2233 lectio,
1432 2182 1513 2223 sed¹
1529 2183 1650 2221 etiam
1708 2212 1710 2217 .

414 2239 602 2279 Rhenani
638 2244 680 2279 et
727 2240 905 2288 Burei-ii,
951 2239 1158 2294 ipsiusque
1201 2239 1366 2292 Iuntae,
1409 2251 1649 2291 quamquam

396 2296 703 2350 paucissimae,
732 2297 988 2336 coniecturae
1021 2301 1211 2349 receptae
1240 2300 1352 2347 sunt,
1394 2295 1469 2342 sed
1500 2295 1648 2335 iudicio

413 2358 528 2392 recto
555 2365 634 2392 non
663 2352 811 2405 ubique
838 2353 1029 2392 adhibito.

274 2410 385 2459 1532
415 2409 732 2456 Avenionensis.
758 2409 829 2449 fol.
856 2414 1021 2449 curante
1046 2409 1149 2458 Ant.
1177 2407 1554 2458 Bonhommaeosa
1576 2420 1648 2447 ne-

413 2466 523 2507 mine
561 2466 651 2506 fere
691 2466 913 2514 editorum,
971 2471 1134 2518 praeter
1174 2465 1438 2518 Schegkium,
1480 2468 1648 2517 propter
1706 2508 1713 2517 ,

413 2523 620 2563 rar-itatem
655 2523 811 2562 collata.
871 2522 1055 2561 Pressius
1093 2523 1274 2574 sequitur
1310 2522 1529 2562 editionem
1563 2521 1646 2573 pri-

411 2593 541 2630 mam,
570 2579 758 2618 nonnulla
786 2583 918 2619 tamen
944 2591 1218 2631 corrumpens,
1245 2578 1484 2630 paucissima
1512 2589 1646 2626 emen-

414 2636 528 2676 dans.
559 2636 712 2688 [Ebert
742 2635 1055 2686 Lex.Bib1iog1-.
1084 2634 1313 2687 n.23471.]

272 2693 396 2743 1538
411 2692 668 2742 Parisiemis
700 2691 950 2742 Vascoswi,
980 2705 1083 2744 quae
1119 2692 1313 2734 adhaeret
1336 2691 1518 2744 Appiano
1550 2689 1645 2730 Ale-

413 2749 608 2796 xandrino
637 2761 689 2790 ex
717 2743 890 2795 Candidi
922 2749 1107 2799 versione
1133 2748 1276 2793 Latine
1304 2761 1454 2793 excuso
1479 2747 1646 2796 Parisiis
