1728 3054
246 195 358 230 XLV!
455 203 467 207 ·
584 190 863 234 HENRICI
910 190 1269 235 DODWELLI

248 304 578 356 tribunitiaeque,
625 306 743 342 erant
780 302 905 342 etiam
944 302 1056 355 ipsae
1091 317 1166 356 per
1204 306 1352 346 similia
1389 306 1630 351 distributae

247 361 529 413 quinquennia.
586 358 700 399 Nihil
728 371 827 411 ergo
856 362 987 410 vetat,
1027 372 1106 412 quo
1136 362 1268 404 minus
1305 363 1450 411 similia
1477 365 1630 406 fuerint

248 419 290 459 in
330 416 541 457 decennali
576 415 699 454 etiam
737 414 879 455 militia
918 416 1211 472 quinquennia„
1259 419 1387 460 Immo
1415 421 1472 461 ita
1500 421 1629 463 fuisse

249 478 405 514 certum
435 478 516 520 est,
556 484 646 511 cnm
686 472 912 527 breviorem
949 473 1160 516 decennali
1198 476 1380 517 militiam
1418 477 1530 518 nullo
1558 492 1629 519 un-

248 543 367 582 quam
405 533 587 581 tempore
623 528 675 568 ad
723 529 899 569 honores
939 532 1165 572 senatorios
1205 534 1477 574 necessariam
1516 535 1628 588 lega-

248 599 361 626 mus:
397 598 478 624 non
505 584 570 624 his
599 589 737 636 certe,
780 586 834 626 de
863 586 1007 638 quibus
1037 589 1214 640 agimus,
1255 592 1508 644 temporibus
1545 594 1629 633 Au-

248 641 370 694 gusti.
437 641 502 681 Ita
537 642 783 695 necessario·
809 644 1033 695 procedent
1069 650 1209 686 nostra
1247 647 1302 688 de
1340 647 1489 689 Velleii
1524 661 1629 691 anno

247 698 370 738 natali
397 697 618 738 ratiocinia.
676 698 765 738 Nisi
802 699 911 739 forte
947 705 1017 741 aut
1052 706 1188 756 togam
1224 703 1407 745 Velleius
1442 709 1629 758 praetex-

247 759 330 795 tam
367 754 474 794 ultra
514 767 639 796 annos
678 756 902 807 pubertatis
930 760 1196 810 protraxerit,
1236 765 1306 802 aut
1340 762 1569 802 tirocinium
1603 775 1628 803 a

246 815 343 863 toga
379 825 480 864 pura
518 811 734 852 confestim
779 825 859 852 non
894 814 1041 855 inierit.
1097 816 1246 867 Erant,
1275 818 1433 868 fateor,
1471 820 1541 871 qui
1570 819 1628 860 ita

245 868 442 917 fecerint,
483 868 558 908 sed
595 868 676 909 rari
714 868 1014 920 admodum,·a
1052 874 1228 924 negotiis
1267 879 1388 927 atque
1426 889 1450 916 a
1484 875 1628 916 militia

244 925 524 965 abhorrentes.
581 925 618 965 A
657 937 798 966 norma
832 931 986 977 autem,
1023 931 1302 983 exemplisque
1345 932 1627 984 frequentissi-

243 982 320 1021 mis
346 981 469 1032 longe
497 982 676 1022 omnium
705 983 929 1023 certissima
958 989 1021 1024 est
1049 988 1354 1038 argumentatio.
1412 989 1515 1029 Eam
1554 1003 1626 1029 au-

246 1042 329 1078 tem
364 1038 460 1078 alibi
487 1039 742 1091 probavimus
771 1040 920 1089 fuisse,
958 1045 1003 1082 ut
1041 1056 1146 1083 anno
1175 1045 1319 1090 aetatis
1349 1044 1459 1086 xlv.
1489 1050 1625 1097 togam

242 1094 399 1134 virilem
445 1096 683 1145 sumserint,
730 1100 771 1136 et
806 1097 990 1137 militiam
1029 1099 1205 1140 inierint.
1270 1101 1359 1147 Nec
1399 1106 1486 1153 est,
1517 1102 1624 1155 quod

241 1151 445 1192 Velleium
473 1165 497 1191 a
521 1164 662 1192 norma
690 1152 928 1194 discessisse
957 1157 1233 1208 suspicemur,
1262 1159 1390 1198 virum
1423 1163 1559 1208 certe,
1588 1159 1626 1200 si

244 1209 333 1260 quis
373 1209 496 1258 alius,
541 1209 704 1261 ingenio
743 1211 840 1249 satis
877 1211 1053 1252 militari.
1122 1215 1231 1254 Satis
1260 1215 1359 1254 illud
1401 1220 1571 1269 apparet
1599 1229 1624 1257 e

243 1265 408 1313 militia,
436 1278 554 1318 quam
578 1270 742 1306 secutus
769 1271 851 1314 est,
881 1281 961 1308 non
993 1269 1119 1318 civili,
1146 1272 1220 1311 sed
1250 1273 1457 1315 castrensi.
1513 1273 1623 1314 Satis

213 1318 356 1371 'inde,
401 1322 511 1373 quod
549 1323 716 1362 militiae
756 1323 885 1374 gratia
923 1327 1168 1378 provinciam
1205 1329 1472 1380 quaestoriam
1500 1330 1623 1369 remi-

242 1379 353 1419 serit.
411 1379 519 1418 Satis
557 1379 654 1419 inde
694 1379 890 1432 denique,
929 1383 1038 1434 quod
1073 1386 1264 1438 praemiis
1301 1386 1542 1441 militaribus
1578 1387 1640 1428 in,

241 1435 447 1489 triumpho
477 1435 633 1477 Tiberii
661 1436 787 1478 fuerit
815 1442 993 1481 ornatus.

295 1570 335 1626 ς.
363 1573 405 1615 7.
456 1570 714 1614 Conveniunt
742 1574 949 1615 maiorum
986 1590 1014 1616 a
1048 1574 1210 1617 Velleio
1236 1582 1565 1619 memoratorum

587 1632 589 1635 '
842 1638 1017 1675 aetates.

351 1717 607 1759 Conveniunt
627 1732 750 1772 porro
780 1734 871 1761 cum
899 1722 977 1763 hac
998 1723 1147 1764 Velleii
1174 1727 1308 1765 aetate
1335 1724 1498 1766 illorum
1516 1729 1621 1766 tem-

236 1787 360 1827 pora,
399 1777 466 1826 qui
497 1776 699 1816 Velleium
736 1777 868 1829 ipsum
908 1780 1043 1831 aliquo
1085 1781 1332 1831 cognationis
1362 1782 1490 1832 gradu
1523 1796 1620 1822 con-

236 1832 415 1882 tigerint.
466 1831 671 1872 Successit
701 1833 882 1874 Velleius
911 1837 1017 1887 patri
1047 1849 1120 1876 suo
1149 1838 1188 1876 in
1218 1838 1476 1889 praefectura
1505 1840 1619 1891 equi-

236 1892 323 1929 tum
354 1901 404 1928 eo
439 1888 527 1941 ipso
559 1902 684 1938 anno,
715 1904 794 1942 quo
822 1892 1037 1944 adoptatus
1067 1898 1131 1932 est
1161 1892 1370 1944 Tiberium
1401 1894 1619 1936 Varronia-

235 1958 288 1987 no
328 1947 426 1988 757.
473 1946 571 1985 lnde
612 1946 734 1986 facile
779 1949 1054 2001 suspicamur,
1106 1950 1237 1990 adhuc
1279 1955 1415 1991 aetate
1453 1952 1619 1993 militari

234 2003 363 2043 fuisse
390 2006 546 2055 patrem
577 2003 687 2052 eius,
725 2017 851 2055 quae,
888 2006 952 2044 his
982 2008 1243 2058 praesertim,
1280 2008 1335 2047 de
1362 2009 1504 2059 quibus
1532 2010 1622 2062 agi!

234 2074 347 2109 mus,
386 2060 636 2112 temporibus
672 2073 777 2107 anno
807 2062 993 2102 concludi
1032 2063 1190 2103 solebat
1225 2063 1310 2104 LX.
1339 2064 1440 2105 Esto
1467 2070 1615 2107 autem.

231 2117 376 2158 Fuerit
411 2122 528 2169 pater
566 2116 715 2157 Velleii
754 2118 825 2157 illo
874 2132 978 2159 anno
1019 2122 1328 2171 sexagenarius,
1367 2125 1410 2162 et
1445 2122 1622 2169 honesta.

230 2173 404 2228 proinde
442 2173 635 2214 missione
676 2188 700 2213 a
747 2174 913 2215 Tiberio
963 2176 1161 2218 dimissus.
1228 2178 1297 2218 Sic
1334 2183 1450 2219 natus
1488 2180 1621 2226 fuerit,

231 2244 336 2271 anno
364 2230 475 2271 urbis
502 2233 602 2272 697.
640 2231 767 2270 Avum
803 2244 925 2284 porro
965 2245 1080 2272 suum
1121 2234 1220 2275 dicit
1248 2232 1293 2288 *)
1333 2234 1378 2275 C.
1409 2234 1614 2277 Velleium

230 2293 328 2328 tunc
356 2300 403 2327 se
431 2287 566 2339 gladio
594 2288 868 2336 transfixisse,
906 2302 997 2329 cum
1037 2289 1201 2341 fugeret
1237 2304 1261 2331 a
1298 2291 1470 2343 Neapoli
1498 2297 1614 2344 pater.

230 2344 388 2385 Tiberii
418 2343 629 2393 Tiberius,
658 2348 700 2384 et
727 2344 816 2396 ipse
846 2345 1036 2385 Claudius
1065 2347 1186 2387 Nero.
1244 2348 1389 2388 Incidit
1418 2349 1523 2400 fuga
1543 2350 1614 2390 illa

224 2402 267 2441 in
295 2414 442 2442 annum
472 2401 570 2441 belli
597 2400 806 2453 Perusini,
837 2403 947 2443 urbis
975 2404 1060 2444 scil.
1090 2407 1188 2446 714.
1218 2405 1285 2444 vix
1315 2405 1424 2445 bimo
1444 2403 1512 2460 **)
1537 2406 1610 2446 Ti-

228 2459 344 2499 berio
380 2459 625 2511 imperatore
663 2457 756 2512 (qui
796 2463 913 2500 natus
941 2459 1075 2502 fuerat
1103 2474 1207 2503 anno
1236 2461 1486 2506 Varroniano
1514 2461 1610 2518 ***)

321 2649 361 2695 ψ)
384 2649 474 2709 ven.
499 2650 560 2705 ¹³¹?-
581 2649 628 2686 Π.
661 2659 738 2694 cap.
760 2648 819 2684 76.
879 2694 902 2730 4

319 2694 878 2789 2122‘522132P·4{1‚.⁶2312.⁷3·⁹
903 2722 912 2733 ·
