1728 3054
243 231 405 269 Lxxxu
578 223 863 268 HENRICI
910 221 1265 265 DonwELLl

245 345 362 380 antea
393 339 629 379 Praeturam
648 335 813 377 ambire
841 334 968 387 licuit,
999 348 1117 388 quam
1145 337 1290 377 horum
1317 336 1622 389 magistratuum

245 398 417 437 alterum
457 394 700 446 gessissent,
739 396 785 432 ut
821 392 917 432 alibi
952 390 995 447 *)
1034 394 1282 434 ostendimus
1321 407 1345 434 e
1372 395 1623 438 Maecenatis

244 454 427 493 oratione
458 451 663 491 Dioniana.
698 449 887 501 ltaque,
924 462 1015 489 cum
1042 449 1280 491 Praetorem
1308 463 1355 492 se
1382 455 1523 504 postea
1551 452 1624 492 de-

243 511 443 562 signatum
481 507 626 546 doceat
659 506 748 559 ipse
788 505 996 555 Velleius,
1035 520 1112 547 nec
1148 508 1251 560 legis
1290 507 1462 559 aliquam
1491 508 1624 548 indul—

245 566 421 618 gentiam
450 564 691 604 concessam
713 563 919 614 legamus,
942 575 1055 615 quae
1092 577 1183 604 rara
1221 562 1436 604 admodum
1466 570 1554 604 erat
1581 565 1624 604 in

243 622 432 675 privatis:
460 620 583 660 facile
610 620 707 660 inde
737 620 1024 672 intelligimus,
1058 621 1123 660 vel
1153 621 1326 661 aedilem
1354 621 1467 661 illum
1496 621 1624 661 fuisse

243 683 385 726 antea,
421 677 487 721 vel
514 679 630 717 certe
660 677 875 718 tribunum.
931 677 1061 717 Unius
1090 679 1198 718 enim
1238 678 1502 730 eiusdemque
1531 678 1625 718 anni

245 739 333 775 erat
368 738 539 787 uterque
573 734 644 774 ille
679 735 959 786 magistratus:
996 735 1056 774 sic
1083 739 1242 787 tamen,
1284 739 1328 775 ut
1365 748 1486 775 nemo
1521 747 1625 775 unus

244 797 462 843 utrumque
490 791 684 842 gesserit,
713 791 787 831 sed
819 792 918 830 satis
947 795 1057 831 esset
1085 804 1226 838 eorum
1253 791 1318 831 vel
1343 804 1446 832 unus
1465 791 1516 831 ad
1540 805 1625 831 am-

244 849 432 888 biendam
462 848 610 887 deinde
646 852 832 900 tempore
869 847 1051 898 legitimo
1089 853 1331 900 praeturam.
1389 847 1532 900 Itaque
1567 848 1626 887 al-

245 910 378 945 terum
407 919 431 945 a
458 904 619 947 Velleio
658 909 798 944 nostro
838 908 997 955 gestum
1033 905 1163 944 fuisse
1189 905 1520 945 verisimillimum
1551 909 1626 944 est.

245 962 394 1002 Utrum
421 962 613 1013 gesserit,
650 961 694 1000 id
732 961 866 1000 fateor
893 961 1091 1000 incertum
1121 973 1226 1000 esse.
1283 962 1346 1002 Eo
1376 965 1512 1002 tamen
1541 974 1627 1001 ma-

246 1019 308 1070 gis
349 1018 610 1072 propendeo,
659 1022 704 1058 ut
745 1018 928 1058 tribunus
967 1018 1103 1070 potius
1143 1017 1270 1058 fuerit
1312 1032 1430 1071 quam
1470 1018 1627 1058 aedilis.

245 1075 398 1115 Decem
426 1076 534 1115 enim
564 1079 678 1115 erant
696 1074 887 1129 tribuni,
907 1086 998 1113 cum
1028 1074 1108 1114 duo
1137 1074 1291 1114 fuerint
1318 1075 1527 1115 dumtaxat
1554 1087 1624 1114 ae-

244 1132 366 1173 diles.
424 1131 513 1172 Nec
550 1132 658 1172 enim
697 1131 775 1171 alia
816 1143 937 1183 quam
973 1130 1124 1173 curulis
1157 1132 1353 1185 Aedilitas
1389 1132 1525 1172 locum
1553 1131 1626 1171 ha-

244 1190 345 1229 bere
373 1189 505 1241 potuit
535 1189 576 1228 in
604 1188 826 1228 honoribus
854 1187 1079 1228 senatoriis.
1137 1188 1197 1228 lta
1223 1189 1404 1242 paucitas
1433 1188 1624 1229 aedilium

245 1246 288 1286 id
313 1246 462 1285 fecerit
480 1249 653 1297 oportet,
668 1249 740 1293 ut,
767 1244 860 1296 quia
886 1244 1038 1299 rarior,
1065 1245 1238 1298 proinde
1266 1245 1474 1285 difficilior
1499 1245 1625 1285 fuerit

244 1303 443 1343 aedilitas.
498 1302 554 1342 Et
590 1302 753 1354 quidem
793 1301 999 1341 tribunum
1038 1314 1085 1340 se
1121 1303 1256 1354 potius
1293 1316 1413 1355 quam
1449 1302 1623 1342 aedilem

245 1359 375 1398 fuisse
402 1358 555 1410 innuit,
589 1358 634 1397 'ni
661 1358 803 1407 fallor,
846 1358 936 1410 ipse
963 1356 1160 1398 Velleius.
1215 1358 1300 1399 lam
1335 1372 1455 1412 supra
1483 1359 1624 1399 obser·—

244 1415 443 1463 vavimus,
481 1415 617 1466 illum,
663 1428 755 1454 cum
794 1419 952 1467 partem
994 1416 1194 1455 exercitus
1231 1416 1285 1455 ad
1324 1414 1532 1455 Tiberium
1572 1417 1623 1455 ab

244 1473 347 1512 urbe
375 1472 639 1524 perduceret,
676 1473 718 1510 in
758 1484 809 1511 eo
840 1484 888 1511 se
923 1482 1006 1511 non
1042 1472 1321 1524 quaestoribus
1358 1473 1479 1512 modo
1507 1485 1624 1512 sena-

244 1529 384 1580 toriis,
423 1528 498 1567 sed
534 1528 809 1581 superioribus
849 1528 892 1568 in
919 1531 1062 1568 senatu
1089 1533 1304 1580 quaestura
1331 1529 1525 1578 tribunis,
1555 1542 1624 1568 ae-

245 1590 411 1638 quatum
447 1586 672 1636 agnovisse.
743 1585 862 1636 Quod
905 1585 1089 1624 tribunos
1126 1585 1260 1638 potins
1305 1585 1457 1638 plebis,
1503 1598 1622 1638 quam

244 1642 412 1691 aediles,
439 1641 517 1681 hac
546 1641 757 1682 occasione
781 1642 1028 1690 memorarit,
1056 1641 1099 1681 id
1127 1643 1207 1683 alio
1234 1642 1395 1682 referre
1419 1655 1500 1682 non
1527 1655 1622 1695 pos-

244 1711 354 1747 sum,
393 1711 512 1750 quam
547 1698 655 1750 quod
696 1699 944 1738 tribunatum
982 1699 1071 1751 ipse
1108 1700 1241 1751 potius
1270 1700 1441 1751 gesserit
1467 1703 1624 1752 postea,

245 1768 365 1807 quam
405 1755 666 1807 aedilitatem.
729 1755 821 1794 Iura
859 1756 966 1794 enim
1007 1755 1155 1807 alioqui
1194 1756 1404 1807 utriusque
1448 1769 1538 1796 cum
1577 1756 1621 1796 in

242 1824 367 1854 unum
394 1823 544 1851 annum
571 1810 875 1858 conferrentur,
914 1811 1056 1851 eadem
1097 1813 1230 1851 omnia
1257 1813 1384 1852 fuisse
1411 1813 1622 1852 verisimil—

242 1867 382 1907 limum
414 1871 500 1907 est:
535 1871 581 1906 ut
615 1867 787 1919 proinde
824 1867 988 1906 eosdem
1025 1871 1109 1906 tam
1148 1868 1258 1907 domi
1298 1862 1416 1919 quam
1451 1869 1621 1909 militiae

243 1924 442 1973 honores,
479 1926 564 1963 tam
591 1923 634 1962 in
662 1923 828 1972 castris,
867 1936 986 1974 quam
1024 1923 1144 1963 etiam
1173 1925 1215 1964 in
1242 1925 1438 1972 comitiis,
1475 1930 1620 1977 petere

241 1980 304 2020 illi
330 1980 510 2029 licuerit,
539 1980 607 2031 qui
637 1980 844 2019 aedilitate
870 1980 1034 2020 functus
1064 1980 1219 2029 fuerat,
1247 1994 1366 2032 quam
1396 1979 1518 2021 etiam
1546 1982 1620 2031 illi,

243 2037 313 2090 qui
340 2038 562 2077 tribunam·
613 2035 697 2076 Sed
731 2049 851 2077 nemo
886 2049 990 2076 unus
1027 2041 1238 2089 utrumque
1264 2038 1378 2077 illum
1407 2039 1619 2090 magistra·

241 2098 329 2135 tum
357 2093 478 2145 obiit,
505 2096 552 2133 ut
578 2093 763 2133 diximus.
822 2092 911 2133 Nec
939 2106 1041 2146 opus
1070 2098 1179 2143 erat,
1207 2098 1252 2134 ut
1280 2095 1468 2144 alterius,
1499 2108 1618 2147 quam

241 2163 362 2203 quem
400 2151 490 2204 ipse
524 2153 709 2203 tempore
746 2149 928 2203 legitimo
967 2150 1133 2199 obierit,
1179 2152 1426 2191 mentionem
1462 2152 1621 2200 faceret

240 2205 437 2248 Velleius.
491 2206 579 2248 Nec
615 2207 792 2259 denique
831 2207 1018 2246 obstabat
1052 2208 1280 2248 tribunatus
1308 2208 1400 2258 ille,
1429 2210 1550 2249 etiam
1577 2209 1621 2248 in

239 2264 341 2304 urbe
376 2267 540 2316 gestus,
584 2276 664 2316 quo
707 2265 838 2304 minus
879 2264 1110 2303 continuum
1155 2265 1395 2305 novennium
1428 2264 1472 2304 in
1511 2265 1618 2304 mili-

239 2321 297 2360 tia
325 2320 482 2360 Tiberii
520 2320 714 2372 exegerit.
771 2319 907 2371 Magis
948 2324 1060 2360 certe
1100 2326 1188 2361 erat
1227 2322 1360 2362 affinis
1387 2321 1617 2362 tribunatus

237 2377 309 2417 ille
343 2377 474 2429 plebis
499 2377 744 2428 tribunatui,
783 2377 892 2417 unde
919 2381 1051 2417 ortum
1079 2377 1243 2428 habuit,
1279 2378 1465 2426 militari,
1495 2391 1616 2430 quam

235 2433 448 2530 ἰιίεᾱίϋιαε,
484 2434 597 2476 cuius
644 2434 762 2476 civile
797 2437 887 2476 erat
922 2446 1091 2485 munna,
1135 2447 1213 2477 nec
1256 2434 1340 2477 ullo
1381 2435 1504 2476 modo
1539 2435 1615 2477 mi-

267 2494 366 2532 tare.

324 2667 362 2713 *J
393 2669 510 2706 Prael.
530 2668 612 2709 xn.
635 2669 682 2707 ad
703 2667 820 2717 Spart.
842 2668 985 2708 Adrian-
1013 2670 1048 2714 §-
1069 2669 1105 2709 1.
1127 2669 1163 2707 2.
