1728 3054
205 183 292 225 23⁰

455 151 459 158 ‘
513 180 560 224 c.
593 177 877 222 venen
914 179 1313 226 eumaeum

209 312 287 342 nas
320 293 517 355 profecti
549 294 825 355 provincias,
858 295 1027 340 visendi
1063 296 1156 340 eius
1185 297 1332 357 gratia
1351 297 1420 343 -ad
1452 313 1590 358 quem

213 364 547 419 convenientes,
592 379 773 424 semper
815 364 993 424 privato
1043 365 1111 425 (si
1144 366 1224 409 illa
1258 367 1461 413 maiestas
1495 368 1593 428 pri-

213 440 317 478 vata
349 447 548 490 unquam
583 432 698 493 fuit)
718 432 878 483 'fasces
911 449 1016 479 suos
1049 435 1367 497 summiserint,
1401 437 1594 496 fassique

216 503 325 558 sint,
361 502 512 547 ocium
548 501 640 546 eius
673 500 935 548 honoratius
969 503 1162 564 imperio
1196 519 1290 550 suo.
1558 500 1561 502 ’

356 570 493 616 GAP.
533 569 586 616 C.
637 570 784 616 Sensit
826 579 1044 617 terrarum
1090 573 1233 630 orbis,
1275 571 1526 633 digressum
1567 586 1597 616 a

219 639 423 685 custodia
457 640 688 685 Neronem
720 641 854 686 urbis.
888 642 1006 686 Nam
1046 647 1092 687 et
1122 641 1316 687 Parthus
1350 641 1598 687 desciscens

220 725 249 753 a
282 709 496 754 societate
538 709 771 766 Romana,
817 711 981 756 adiecit
1021 711 1263 756 Armeniae
1305 725 1510 755 manum:
1553 715 1600 755 et

220 778 490 834 Germania,
537 780 698 825 aversis
741 779 976 824 domitoris
1025 781 1091 826 sui
1135 780 1302 836 oculis,
1347 779 1599 825 rebellavit.

182 849 283 894 2At
324 848 371 892 in
414 848 548 905 urbe,
596 863 652 893 eo
695 849 798 909 ipso
845 864 988 904 anno,
1039 864 1132 908 quo
1176 847 1600 910 magnificentissimi

219 916 480 977 gladiatorii
514 918 734 975 muneris,
783 913 1189 978 naumachiaeque
1211 918 1506 978 spectaculis,
1541 917 1602 964 D.

219 988 472 1046 Augustus,
519 986 687 1032 abhinc
723 1003 861 1032 annos
895 988 1038 1032 XXX.
1073 1003 1122 1032 se
1157 994 1202 1033 et
1237 987 1377 1033 Gallo
1410 986 1601 1032 Caninio

221 1053 350 1100 Coss.
386 1055 598 1101 dedicato
634 1056 794 1101 Martis
827 1058 1027 1118 templo,
1063 1058 1234 1102 animos
1267 1057 1516 1115 oculosque
1549 1056 1602 1100 P.

220 1124 280 1168 R.
314 1125 592 1183 repleverat,
637 1125 777 1171 foeda
820 1126 970 1181 dictu,
1022 1126 1331 1184 memoriaque
1373 1122 1605 1169 horrenda

181 1193 266 1243 ain
299 1193 438 1254 ipsius
473 1193 613 1238 domo
647 1199 889 1255 tempestas
923 1195 1082 1254 erupit.

1152 1195 1340 1254 Quippe
1386 1194 1478 1238 filia
1513 1194 1606 1237 eius

223 1262 363 1318 Iulia,
417 1278 503 1323 per
545 1264 696 1307 omnia
741 1265 850 1308 tanti
891 1264 1088 1324 parentis
1132 1279 1187 1310 ac
1233 1264 1316 1309 viri
1350 1263 1605 1318 immemor,

222 1330 339 1376 nihil
382 1331 508 1390 quod
551 1333 703 1378 facere
737 1339 814 1377 aut
846 1333 943 1393 pati
977 1324 1166 1392 turpiter
1204 1337 1361 1393 posset
1393 1332 1607 1387 foemina,

223 1400 417 1456 luxuria,
451 1400 639 1446 libidine
673 1401 891 1453 infectum
923 1401 1126 1459 reliquit3
1160 1400 1609 1462 magnitudinemque

223 1469 434 1516 fortunae
482 1485 590 1515 suae
633 1471 857 1532 peccandi
898 1470 1079 1518 licentia
1121 1471 1415 1529 metiebatur,
1470 1467 1608 1529 quid-

224 1627 292 1660 etc.
314 1624 431 1670 Nepos
462 1625 575 1660 Dione
607 1625 644 1661 9.
676 1627 779 1661 sicuti
804 1639 885 1662 con-

225 1672 390 1706 veniendi
423 1673 496 1707 cius
527 1674 651 1718 gratia
686 1674 887 1709 viderentur

229 1720 360 1754 venire.
378 1718 501 1754 Cicero
525 1719 632 1754 Tusc.
657 1719 757 1764 Disp.
783 1721 827 1755 V.
851 1720 888 1756 3.

229 1766 291 1811 qui
314 1766 450 1800 visendi
474 1778 599 1800 caussa
625 1767 795 1801 venirent.
818 1768 888 1802 Ve-

229 1822 313 1846 reor
354 1814 494 1855 tamen‚
541 1824 586 1846 ne
624 1812 660 1846 in
697 1824 799 1858 quem
826 1826 890 1848 con

230 1858 330 1893 alind
352 1858 436 1901 quid
459 1859 580 1892 lateat.
602 1859 790 1894 Vascoean.
814 1860 890 1894 edi-

230 1904 304 1939 dit:
350 1905 486 1939 visendi
511 1906 585 1940 eius
617 1906 742 1951 gratia
767 1918 890 1942 conve-

229 1950 374 1986 tuissent.

278 2020 312 2055 si
343 2021 410 2055 illa
443 2021 613 2056 maiestas
643 2021 790 2066 privata
827 2033 895 2056 un-

233 2079 340 2113 quam
362 2068 450 2111 fuit.
498 2068 555 2102 Ita
595 2078 638 2101 ex
678 2073 774 2102 certa
813 2067 896 2103 Aldi

233 2114 323 2158 Nep.
355 2118 391 2149 et
423 2114 535 2158 Lipsii
564 2114 806 2149 emendatione
836 2115 896 2148 de-

235 2161 365 2196 dimus.
393 2161 489 2195 Edit.
520 2172 575 2205 pr.
611 2172 746 2205 semper
775 2161 898 2206 priua-

233 2212 288 2244 tos
323 2208 388 2242 illa
421 2208 590 2243 maiestas
619 2209 772 2253 'privata
808 2219 898 2242 nun-

233 2265 340 2299 quam
362 2255 453 2298 suit.

282 2323 384 2359 CAP.
415 2323 454 2357 G.
485 2324 519 2366 5.
544 2321 577 2356 1.
613 2323 742 2357 adiecit
775 2323 899 2357 Arme-

192 2398 194 2401 .
235 2370 320 2403 niae
349 2381 503 2406 manum.
541 2368 582 2403 Si
613 2369 650 2403 in
682 2374 777 2403 textu
810 2372 899 2404 esset

240 2417 415 2459 animum,
461 2415 536 2450 sine
574 2416 650 2450 ulla
684 2416 900 2450 dubitatione

239 2474 384 2497 manum
407 2460 626 2505 reponerem.
659 2463 813 2497 'rantum
838 2462 899 2496 ab-

240 2513 312 2550 est,
354 2513 395 2544 ut
427 2509 624 2543 Burmanni
659 2510 898 2543 coniecturam

240 2556 398 2589 animum
437 2556 595 2599 probem.
642 2555 762 2599 Neque
805 2554 899 2589 enim

231 2601 411 2636 *Phraates
434 2602 540 2636 modo
563 2602 748 2636 consilium
773 2602 897 2636 Arme—

239 2647 322 2682 niae
368 2648 585 2682 invadendae
625 2648 795 2693 agitavit,
820 2647 899 2681 ‘sed

239 2705 320 2728 eam
342 2694 450 2730 etiam
473 2694 580 2729 armis
597 2694 797 2729 vindicavit.
812 2694 900 2728 Vide

238 2740 389 2777 Dionem
417 2741 515 2776 cass.
538 2741 609 2776 LV.
643 2751 726 2787 pag.
754 2740 835 2775 782.
866 2743 902 2775 et

952 1637 1038 1670 quos
1060 1625 1113 1660 ibi
1135 1625 1257 1660 laudat
1278 1625 1418 1661 Fabi-ic.
1449 1624 1495 1658 At
1518 1623 1612 1658 adii-

952 1684 1030 1707 cere
1065 1684 1221 1707 vrmrmmv
1251 1683 1314 1716 pro
1343 1672 1485 1706 iniicere
1520 1670 1612 1714 quis.

953 1723 1094 1766 praeter
1124 1718 1319 1761 vellelum,
1350 1716 1469 1752 dixit?
1501 1714 1614 1761 Quasi

954 1777 1060 1809 vero,
1100 1777 1181 1799 cum
1213 1764 1338 1800 Latini.
1361 1764 1458 1798 nullo
1490 1762 1614 1798 discri-

955 1812 1050 1847 mine
1081 1813 1215 1857 inferre
1245 1815 1280 1846 ct
1314 1812 1440 1856 afferre
1471 1819 1613 1845 manum

957 1859 1075 1893 dicant
1089 1886 1096 1896 ,
1132 1870 1200 1892 non
1224 1857 1419 1901 promiscue
1441 1856 1511 1891 dici
1533 1866 1615 1900 pos-

957 1906 1006 1941 sit
1037 1905 1175 1939 iniicere
1210 1908 1246 1938 et
1277 1905 1428 1938 adiicere
1457 1913 1614 1942 manum.

961 1950 1108 1987 Ovidius
1131 1950 1193 1984 IV.
1217 1961 1259 1984 ex
1282 1951 1323 1984 P.
1357 1949 1392 1983 8.
1417 1948 1476 1985 82.
1504 1948 1613 1983 dixit:

963 1999 1078 2042 Atque
1113 1997 1223 2032 isdem
1255 1996 1380 2030 studiis
1414 1995 1616 2040 imposuisse

961 2055 1117 2079 manum.
1141 2043 1234 2087 quod
1257 2053 1325 2077 non
1348 2043 1400 2076 est
1422 2043 1468 2078 ad
1491 2041 1617 2076 eadem

962 2089 1078 2126 studia
1099 2100 1308 2135 aggressum
1329 2099 1416 2129 esse,
1433 2092 1473 2123 ut
1493 2089 1616 2121 Burm.

965 2137 1116 2180 explicat
1137 2137 1181 2170 ad
1204 2136 1312 2170 Trist.
1335 2134 1392 2168 lv.
1418 2135 1451 2169 1.
1474 2134 1532 2169 28.
1556 2132 1617 2167 sed

961 2185 1085 2218 eadem
1130 2182 1246 2217 studia
1289 2185 1467 2216 tractasse.
1523 2179 1617 2215 Num

948 2241 1051 2275 ergo
1073 2229 1188 2263 minus
1211 2228 1326 2263 dicere
1349 2227 1447 2261 licuit
1464 2226 1618 2260 Senecae

962 2274 1062 2311 Patri
1097 2276 1217 2311 Contr.
1245 2275 1302 2308 lv.
1335 2272 1394 2308 25.
1428 2284 1509 2318 pag.
1534 2271 1618 2306 313.

963 2324 1012 2358 Et
1028 2322 1076 2356 ad
1096 2322 1186 2356 hanc
1205 2319 1472 2355 controversiam
1492 2318 1619 2352 Graeci

963 2366 1619 2457 Zssiffi‘essssssm'ss'ssssu’i'afefflffiffi

965 2460 1186 2504 Oudendorp.
1206 2460 1252 2495 ad
1274 2459 1436 2504 Appulei.
1459 2458 1544 2493 Met.
1559 2457 1616 2492 lV.

965 2519 1048 2553 pag.
1071 2506 1151 2540 295.
1410 2511 1420 2516 ·

1013 2556 1047 2596 ς.
1077 2552 1112 2586 3.
1157 2552 1248 2597 quod
1278 2554 1404 2594 facere
1436 2554 1501 2584 aut
1540 2547 1621 2594 pati

966 2599 1115 2644 turpiter
1137 2603 1252 2643 posset
1264 2598 1435 2642 foemina.
1449 2597 1555 2630 Forte
1577 2605 1620 2628 ex

967 2646 1040 2680 Cic.
1072 2645 1110 2679 in
1141 2645 1259 2679 Pison.
1284 2644 1318 2678 5.
1353 2642 1527 2689 qui'm‘hil
1555 2640 1622 2674 sibi

966 2703 1120 2738 unquam
1138 2703 1200 2727 nee
1213 2693 1349 2736 facere,
1372 2701 1434 2724 nec
1450 2689 1530 2735 pati
1547 2692 1622 2723 tur·

964 2750 1010 2784 pe
1038 2739 1148 2774 duxit.
