1728 3054
246 161 332 203 2⁸12
553 158 601 200 G.
632 157 921 201 VELLEII
959 157 1360 203 PATERCULI

250 274 440 320 stulante
481 278 610 333 patre
656 273 776 329 eiuS,
827 278 877 319 ut
922 289 1117 333 aequum
1165 275 1206 320 ei
1248 276 1316 320 ius
1350 275 1395 321 in
1429 278 1635 324 omnibus

251 342 491 403 provinciis
526 342 880 401 exercitibusque
916 349 1052 403 esset,
1111 359 1246 403 quam
1283 352 1379 390 erat
1410 343 1514 410 ipsi]
1550 347 1635 414 de-

214 417 378 458 2creto
414 412 679 471 complexus
714 418 851 456 esset:
886 412 1075 472 (etenim
1110 413 1355 458 absurdum
1390 422 1508 475 erat,
1542 411 1636 461 non

254 495 350 525 esse
389 481 472 524 sub
512 481 620 536 illo,-
666 496 785 539 quae
829 482 887 526 ab
931 482 1014 526 illo
1049 481 1416 537 vindicabantur3
1467 491 1512 529 et
1555 486 1635 544 qui

253 549 314 594 ad
363 564 502 608 opem
542 549 780 594 ferendam
821 551 995 610 primus
1039 557 1156 608 erat,
1212 551 1274 596 ad
1317 552 1636 600 vindicandum

252 617 477 664 honorem
523 633 616 663 non
658 618 846 664 iudicari
887 620 1069 681 parem)
1131 620 1178 664 iu
1215 621 1377 666 urbem
1421 637 1636 679 reversuS,

195 702 200 707 ’
251 688 342 733 iam
390 687 571 747 pridem
615 687 818 734 debitum
835 720 850 746 ‚
905 688 986 734 sed
1031 688 1360 735 continuatione
1409 691 1637 736 bellorum

255 757 468 815 dilatum,
505 772 560 802 ex
592 758 831 802 Pannoniis
863 758 1176 822 Delmatisque
1209 759 1305 819 egit
1336 760 1635 820 triumphum.

213 826 393 871 SCuius
426 827 806 887 magnificentiam
842 827 939 885 quis
973 829 1159 872 miretur
1186 828 1232 872 in
1260 827 1486 874 Caesare?
1517 829 1638 874 For-

251 901 386 940 tunae
419 910 528 940 vero
564 896 664 954 quis
698 911 789 940 non
822 896 1007 941 miretur
1045 896 1402 957 indulgentiam?
1447 898 1638 958 Quippe

253 964 423 1009 omneis
484 965 851 1010 eminentissimos
907 964 1107 1010 hostium
1168 966 1308 1012 duces
1363 981 1454 1012 non
1511 968 1639 1013 occi-

252 1049 325 1078 sos
369 1033 501 1086 fama.
543 1035 734 1079 narravit
751 1066 776 1091 ,‚
818 1033 898 1079 sed
953 1035 1124 1080 vinctos
1176 1034 1430 1095 triumphus
1484 1042 1638 1081 osten-—

253 1103 334 1147 dit.
405 1103 556 1159 Quem
604 1099 740 1159 mihi,
786 1103 1003 1162 fratrique
1046 1118 1176 1160 meo,
1218 1104 1332 1149 inter
1365 1105 1638 1165 praecipuos

251 1168 600 1233 praecipuisque
640 1170 769 1219 donis
803 1173 1045 1217 adornatos
1088 1173 1231 1233 νῖκος,
1277 1173 1483 1220 comitari
1524 1189 1638 1221 con-

250 1241 366 1304 tigit.

392 1309 529 1358 CAP.
565 1306 750 1362 CXXII.
793 1309 906 1365 Quis
948 1324 1041 1354 non
1082 1308 1199 1354 inter
1231 1282 1427 1369 reliqua,-
1473 1310 1639 1369 quibus

252 1379 487 1442 singularis
521 1379 771 1424 moderatio
798 1379 905 1423 Tib.
934 1377 1136 1424 Caesaris
1173 1377 1322 1446 elucet
1355 1385 1490 1438 atque
1525 1379 1640 1424 emi-

252 1458 355 1507 net,
389 1448 484 1496 hoc
521 1464 706 1508 quoque
740 1447 938 1503 miretur,
974 1445 1116 1506 quod,
1152 1461 1257 1492 cum
1291 1443 1385 1492 sine
1419 1448 1515 1492 ulla
1549 1448 1641 1494 du-

253 1519 470 1564 bitatione
504 1525 678 1585 septem
712 1517 969 1577 triumphos
1003 1517 1237 1573 meruerit,
1276 1517 1419 1561 tribus
1450 1523 1639 1563 conten-

214 1593 323 1642 2tus
356 1582 523 1633 fuerit?
568 1584 679 1644 Quis
715 1587 833 1632 enim
869 1587 1075 1631 dubitare
1108 1590 1282 1646 potest,
1316 1586 1423 1645 quin
1459 1599 1515 1631 ex
1546 1587 1640 1631 Ar·-

253 1659 400 1703 menia
434 1663 643 1718 recepta,
679 1662 725 1702 et
758 1671 814 1701 ex
846 1670 958 1716 rege
994 1656 1036 1700 ei
1070 1656 1355 1716 praeposito,
1399 1655 1524 1701 cuius
1558 1668 1641 1701 ca-

253 1727 339 1787 piti
372 1728 547 1787 insigne
581 1726 760 1786 regium
795 1741 880 1770 sua·
897 1735 1031 1778 manu
1065 1725 1363 1784 imposuerat,
1399 1724 1642 1769 ordinatis-

253 1812 344 1855 que
377 1798 512 1841 rebus
549 1795 768 1850 Orientis,
803 1809 940 1838 ovans
973 1793 1254 1854 triumphare
1288 1790 1530 1838 debuerit?
1579 1798 1641 1849 et,

254 1864 598 1912 vindelicorum
631 1862 979 1922 Rhetorumque
1017 1863 1174 1921 victor,
1210 1873 1343 1908 curru
1377 1863 1535 1908 urbem
1568 1862 1642 1906 in-

216 1944 245 1985 3
255 1934 423 1996 gredi?
489 1934 663 1979 Fractis
716 1932 881 1977 deinde
930 1937 1034 1992 post
1087 1931 1380 1991 adoptionem
1431 1928 1642 1977 continua

254 2002 430 2050 triennii
463 2003 619 2047 militia
665 1998 937 2047 Germaniae
971 2000 1157 2056 viribus,
1209 2000 1335 2045 idem
1377 1999 1446 2044 illi
1488 1999 1640 2044 honor

254 2079 301 2119 et
344 2072 639 2129 deferendus,
684 2077 730 2117 et
773 2070 1060 2130 recipiendus
1104 2068 1273 2116 fuerit?
1316 2074 1362 2114 et
1403 2074 1509 2129 post
1542 2069 1642 2120 cla-7
1714 2077 1720 2087 “

254 2142 362 2188 delii
397 2143 478 2188 sub
513 2142 637 2186 Varo
673 2146 938 2201 acceptam,
990 2138 1114 2184 ocius
1147 2139 1455 2199 prosperrimo
1490 2152 1642 2183 rerum

253 2218 414 2259 eventu
453 2207 621 2256 eadem
668 2209 815 2256 excisa
849 2207 1118 2265 Germania,
1163 2205 1446 2269 triumphum
1479 2206 1644 2253 summi

251 2345 459 2390 complexus.
512 2354 586 2379 esse
624 2342 752 2379 etenim
788 2342 912 2379 ahsur-
976 2339 1157 2387 propositi.
1198 2340 1255 2375 Ea,-
1286 2349 1374 2386 rege
1399 2339 1434 2375 ei
1461 2340 1643 2424 ἦναεροεί-

251 2393 336 2484 aug
359 2395 427 2472 ege
461 2433 572 2480 Quem
615 2435 704 2469 mihi
734 2434 915 2480 fratrique
981 2388 1157 2468 311?ssssss
1154 2385 1643 2477 nug-'‘Qffimvgltzmffirffins-

250 2495 338 2520 meo.
382 2484 455 2518 Pro
487 2481 593 2517 militi
623 2481 762 2516 videtur
794 2482 915 2527 legen·
972 2480 1055 2522 «bet,
1075 2480 1266 2524 praepositi
1288 2482 1354 2514 etc.
1376 2479 1525 2517 Boium.
1547 2479 1641 2515 Edit.

251 2522 353 2623 2:222.
375 2529 677 2619 35352-1332332
707 2527 807 2630 ἒξ*
817 2538 912 2628 [ιξιῖἑ
979 2537 1248 2607 {Jmffihzxfissi
1269 2525 1643 2606 Ξζῖἴέοῗῖἕζὶωὶῗωω*

251 2625 452 2658 correxerat
505 2621 697 2656 Rhenanus
744 2619 787 2657 in
832 2619 912 2656 Vita
1025 2619 1060 2660 §-
1078 2617 1114 2653 3.
1145 2629 1258 2662 ocyus.
1280 2617 1440 2661 Exempl.
1463 2619 1642 2672 vetustum

250 2668 387 2705 Velieii.
421 2670 475 2703 Ex
498 2665 603 2711 Amr]
692 2695 698 2706 ,
976 2663 1106 2699 habet:
1153 2665 1272 2699 totius.
1316 2665 1461 2700 Bumm.
1491 2664 1642 2708 Recepi,

298 2715 399 2752 cAP.
431 2713 573 2751 cxxn.
605 2714 639 2758 §-
678 2709 715 2748 2.
746 2723 792 2756 ee
820 2721 910 2759 rege
975 2710 1070 2756 quod
1092 2710 1286 2748 Rhenanus
1306 2709 1481 2754 restituit,
1502 2710 1607 2747 ocius.
