1728 3054
262 195 375 237 ψη
660 172 1241 233 ruAnrA'rlo'

258 305 419 354 lostam
455 309 571 358 erat,
604 303 780 347 silentio
814 308 964 347 nostro
994 302 1400 352 condemnavimus.
1466 305 1640 353 Hacte-

260 386 341 418 nus
375 373 435 418 de
469 372 630 422 Velleii
672 370 958 427 Editoribus,
1003 377 1048 416 et
1091 379 1269 418 nostrae
1314 375 1518 420 editionis
1559 393 1639 420 -ra—

260 443 393 487 tione.
463 441 696 498 Sequitur,
740 445 789 484 ut
831 440 890 493 de
931 440 1030 499 ipso
1075 440 1253 487 Velleio
1297 443 1467 501 aliquid
1510 444 1638 490 dica-

260 527 371 557 mus,
440 511 718 554 Praenomen
752 508 914 553 Velleii
958 509 1176 555 incertum
1227 511 1337 557 fecit
1378 512 1639 567 Rhenanus,

252 581 305 624 rin
348 579 478 623 titulo
521 578 626 623 libri
669 577 725 622 P.
769 577 814 621 in
849 578 948 637 ipso
982 577 1099 623 libro
1139 579 1192 626 C.
1229 580 1380 630 edens.
1451 581 1546 626 Sed
1582 582 1638 628 C.

260 665 287 693 a
321 647 542 692 Rhenano
577 647 623 690 in
656 645 830 692 Codice
864 647 1090 694 inventum
1136 648 1350 708 arbitror,
1392 657 1640 711 propterea

258 716 410 775 quod,
456 716 492 759 si
533 714 590 762 P.
625 715 859 775 reperisset
892 715 1133 773 Burerius,
1176 717 1226 761 id
1273 734 1360 779 pro
1406 719 1639 780 diligentia

258 801 336 829 sua
380 800 470 829 non
513 784 690 828 videtur
732 786 1119 844 praetermissurus
1165 786 1334 834 fuisse.>
1391 788 1638 835 Rhenanus

259 860 408 899 autem
440 854 485 897 in
521 854 650 898 titulo
688 853 743 897 P.
780 852 948 909 edidit,
991 869 1083 899 non
1128 854 1376 913 Codicem,
1415 857 1497 903 sed
1539 859 1636 903 Ta-

259 923 395 970 citum
441 923 558 970 Anu.
604 921 684 965 111.
731 920 810 965 39.
859 927 1047 968 secutus.
1115 920 1221 985 Ego
1273 925 1325 972 C.
1365 927 1637 986 praeferam,

257 1006 497 1038 commune
526 1006 628 1036 cum
664 1005 748 1034 avo
783 1005 1074 1050 praenomen,
1094 993 1221 1051 quod
1255 1009 1346 1039 non
1379 996 1524 1041 minus
1564 997 1636 1040 fa-

256 1061 347 1107 cile
381 1059 505 1120 apud
539 1059 750 1105 Tacitum
783 1060 829 1104 in
862 1060 919 1105 P.
955 1061 1081 1106 abire
1112 1063 1282 1122 potuit,
1315 1078 1451 1122 quam
1484 1065 1531 1109 in
1563 1064 1634 1110 Μ

222 1150 236 1169 2
259 1129 383 1189 apud
417 1129 623 1174 Priscian.
661 1128 737 1172 Vl.
785 1144 894 1189 pag.
931 1127 1047 1181 706.
1117 1132 1217 1177 Nec
1250 1132 1453 1179 dubitem
1487 1149 1637 1179 assen-

256 1199 330 1244 tiri
372 1198 595 1242 Rhenano
630 1197 675 1241 in
707 1197 815 1242 Vita
848 1198 968 1244 Vell.
1003 1204 1049 1244 et
1081 1199 1263 1260 Lipsio,
1307 1202 1359 1248 P.
1394 1202 1634 1259 Velleium,

256 1268 461 1328 legatum
504 1267 718 1311 exercitus
763 1267 809 1310 in
853 1266 1079 1324 Thracia,
1125 1270 1249 1316 cuius
1290 1270 1476 1318 Tacitus
1518 1272 1549 1315 1.
1594 1287 1633 1318 c.

256 1336 527 1381 mentionem
573 1335 704 1392 facit,
766 1336 961 1385 eundem
1009 1339 1295 1383 statuentibus
1341 1339 1394 1388 C.
1443 1339 1634 1397 Velleio,

257 1404 466 1450 historiae
509 1404 726 1464 scriptori.
803 1405 1018 1451 Profecto
1063 1408 1141 1465 qui
1181 1407 1380 1453 familiae
1422 1424 1528 1458 suae
1563 1411 1635 1454 di-

256 1475 473 1534 gnitatem
517 1479 832 1533 ostentaturus,
885 1475 932 1519 in
980 1474 1061 1520 tali
1113 1477 1374 1537 compendii
1411 1478 1636 1524 brevitate

256 1545 407 1608 locum
439 1542 605 1590 invenit
637 1543 805 1601 tritavi,
840 1544 983 1600 atavi,
1017 1545 1112 1600 avi,
1145 1547 1308 1605 patris,
1342 1548 1505 1610 patrui,
1540 1548 1634 1592 fra-

256 1611 354 1670 tris,
395 1611 633 1669 laudandi,
678 1612 918 1692 quomodo
947 1619 1190 1673 cognatum
1222 1615 1385 1671 alium,
1428 1631 1559 1676 praes
1563 1633 1634 1661 er-

226 1681 340 1725 -tim
382 1681 597 1726 exercitus
640 1680 831 1738 ducem,
886 1682 922 1726 si
966 1682 1086 1728 ullus
1131 1690 1226 1728 tum
1275 1690 1456 1744 praeter
1498 1701 1546 1730 se
1590 1694 1635 1730 et

257 1749 444 1794 fratrem
488 1750 663 1806 fuisset,
710 1751 882 1798 silentio
929 1752 1261 1811 praeteriisset?
1301 1753 1442 1809 Quod
1485 1761 1634 1799 autem

257 1818 483 1877 Ryckius,
517 1832 709 1877 eumque
743 1825 917 1866 secutus
951 1819 1021 1865 Cl.
1054 1821 1267 1866 Ernestus
1302 1823 1529 1879 obiiciunt,
1563 1820 1634 1867 ni-

247 1886 326 1931 hil
369 1886 429 1931 de
473 1886 780 1947 expeditione,
835 1903 971 1946 quam
1016 1889 1202 1935 Tacitus
1246 1890 1425 1936 Velleio
1466 1892 1634 1951 tribuit,

259 1956 305 2000 in
348 1956 440 2001 eius
483 1955 667 2001 historia
709 1958 917 2017 reperiri,
967 1958 1110 2003 facilis
1144 1973 1199 2004 ac
1232 1966 1412 2019 promta
1445 1975 1636 2020 respon-—

248 2024 325 2072 ,sio
361 2030 448 2083 est,
494 2026 586 2069 eius
630 2025 696 2070 rei
739 2026 1036 2072 narrationem
1080 2027 1194 2073 iusto
1236 2029 1447 2074 historiae
1493 2031 1636 2090 operi,

260 2092 386 2151 quod
420 2094 547 2138 toties
582 2095 822 2153 promittit,
872 2101 1090 2141 servatam
1135 2099 1242 2145 esse.
1311 2098 1499 2143 Maioris
1534 2114 1636 2143 mo—

259 2161 398 2206 menti
431 2167 496 2207 est
531 2177 768 2222 quaerere,
811 2164 922 2223 quid
956 2165 1140 2210 tandem
1177 2166 1399 2212 Velleium
1440 2168 1635 2227 impule-
1719 2209 1723 2212 .

261 2230 330 2288 rit,
365 2236 434 2286 ut,
469 2245 572 2276 cum
605 2233 651 2276 in
685 2236 837 2293 priore
871 2234 1082 2279 historiae
1115 2241 1246 2295 parte
1281 2242 1349 2280 tot
1379 2237 1510 2281 liberi
1541 2237 1635 2296 spi—

260 2299 368 2344 ritus
402 2299 673 2346 documenta
707 2303 915 2358 dedisset,
949 2305 996 2348 in
1027 2305 1277 2362 posteriore
1309 2321 1357 2350 se
1390 2306 1451 2351 ad
1484 2305 1635 2350 humi-

262 2367 355 2411 lem
407 2373 453 2413 et
502 2370 705 2414 servilem
762 2371 937 2416 Tiberii
987 2373 1290 2418 adulationem
1349 2373 1638 2419 demitteret?

258 2435 425 2482 Utrum
457 2436 505 2480 id
540 2439 711 2497 gratiae
745 2441 996 2499 captandae
1030 2456 1183 2490 caussa
1215 2443 1389 2499 fecerit,
1422 2459 1478 2488 an
1513 2449 1635 2487 metu

261 2503 349 2550 diri
385 2506 558 2564 tyranni
590 2508 829 2554 subactus?
862 2510 1069 2555 Heinsius
1100 2512 1148 2556 in
1181 2512 1369 2572 epistola
1403 2512 1462 2556 ad
1498 2510 1632 2570 Casp.

261 2571 522 2633 Fagelium,
567 2581 613 2620 et
653 2578 909 2624 Perizonius
943 2580 1090 2624 Anim.
1124 2581 1241 2626 Hist.
1276 2595 1375 2641 cap.
1411 2581 1489 2624 VI.
1523 2595 1632 2640 pag.

261 2641 376 2687 211.
429 2642 512 2688 sibi
551 2654 888 2705 persuaserunt,
942 2648 1170 2696 Velleium
1221 2649 1316 2696 hoc
1363 2649 1633 2710 opusculum
