1728 3054
235 214 395 258 CLXXI}
502 206 753 259 GARom
797 206 1375 255 MORGENSTERNH

232 326 374 378 noris,
398 323 563 364 statuit.
601 324 644 361 et
673 323 767 360 ante
795 318 848 361 11.
874 322 918 364 5.
962 317 1128 362 Tiberio
1163 320 1278 362 haud
1305 323 1521 376 ingratum
1548 338 1618 366 ac-

233 380 363 431 cidit,
399 379 563 419 turbari
595 390 666 417 res
699 376 910 428 Orientis,
949 383 999 418 ut
1043 391 1095 418 ea
1139 380 1279 433 specie
1325 379 1619 423 Germanicum

232 438 366 478 suetis
398 433 632 488 legionibus
668 434 960 484 abstraheret,
1000 436 1198 490 novisque
1225 436 1461 490 provinciis
1488 439 1618 493 impo-

229 493 378 540 situm,
408 491 508 532 dolo
539 491 664 531 simul
694 496 736 532 et
761 491 925 532 casibus
954 491 1194 533 obiectaret.
1228 493 1338 545 *Dicit
1366 506 1488 546 porro
1517 493 1617 536 Vel-

230 548 332 589 leius
361 561 448 600 cap.
477 551 574 590 13⁰.
611 547 650 601 §.
679 550 719 590 8.
759 548 861 602 quid
890 547 1104 604 (Tiberius
1142 547 1323 605 meruit,)
1360 557 1408 590 ut
1445 552 1619 592 iuvenes

229 607 447 646 amitteret
482 606 638 660 filios?
694 616 771 645 nec
807 606 974 645 verbum
1010 606 1124 646 addit
1168 606 1222 646 de
1258 606 1482 648 fortissimo
1521 609 1617 648 ado-

228 661 439 710 lescente‚
468 662 587 702 unica
612 661 859 715 reipublicae
887 675 960 715 spe
989 666 1032 702 et
1061 663 1229 713 solatio,
1267 663 1381 703 cuius
1410 665 1530 705 morti
1566 665 1616 704 il-

227 717 444 771 lacrymari
472 719 647 759 solemus
677 719 864 758 Tacitum
898 719 1102 772 legentes,
1137 718 1181 774 *)
1220 719 1379 760 Pisonis
1418 725 1461 761 et
1495 721 1615 762 Plau-

227 775 367 825 cinae,
394 775 518 815 immo
551 775 687 816 Liviae
722 776 963 830 ipsiusque,
1010 780 1056 818 ut
1093 776 1280 827 videtur,
1325 777 1483 818 Tiberii
1524 791 1614 819 nce-

226 831 343 872 lestis
372 833 525 873 artibus
551 833 793 885 intercepto.

340 888 391 930 11.
420 892 517 931 130.
558 889 597 944 §-
624 892 664 931 4.
722 911 780 920 --
809 885 922 942 quod
950 901 1005 929 es:
1039 900 1174 940 nuru,
1214 885 1325 943 quod
1360 902 1423 930 ex·
1459 894 1613 944 nepote

226 943 389 994 dolere,
430 946 672 999 indignari,
712 945 957 985 erubescere
991 950 1162 985 coactus
1199 950 1274 986 est.
1330 947 1611 1001 Agrippinam

223 1002 437 1053 inteiligit,
467 1001 698 1042 Germanici
725 1002 936 1054 coniugem
952 1030 965 1052 ‚
992 1014 1085 1041 cum
1112 1002 1198 1041 filio
1226 1002 1381 1043 Druso.
1412 1004 1466 1044 At
1489 1017 1610 1056 quam

224 1059 445 1100 crudeliter
478 1059 519 1098 in
554 1059 658 1099 hanc
690 1059 906 1111 feminam,
968 1058 1078 1098 omni
1114 1059 1283 1098 meliore
1321 1059 1484 1111 dignam
1524 1061 1610 1100 for-

222 1121 343 1165 tuna,
384 1122 426 1156 et
454 1115 495 1155 in
529 1117 722 1156 miserum
756 1129 873 1155 suum
904 1120 1095 1167 nepotem
1124 1115 1316 1155 Tiberius
1345 1117 1495 1169 egerit,
1534 1117 1608 1157 do-

221 1178 316 1213 cent
345 1172 562 1212 Suetonius
591 1186 678 1226 cap.
699 1175 768 1214 53.
795 1176 865 1214 54.
899 1177 941 1212 et
971 1172 1137 1211 Tacitus
1165 1173 1268 1214 Ann.
1289 1171 1356 1213 vl.
1387 1176 1445 1216 23
1463 1196 1520 1203 —-
1538 1176 1607 1216 25.

205 1229 412 1270 ‘Nondum
455 1233 590 1269 tamen
627 1233 794 1269 necatus
833 1233 922 1269 erat
956 1229 1137 1276 Drusus,
1186 1228 1364 1269 nondum
1410 1230 1461 1269 ad
1499 1243 1607 1270 mor·

218 1290 304 1325 tem
339 1287 482 1326 adacta
521 1286 766 1338 Agrippina,
814 1299 938 1338 quum
977 1285 1160 1327 Velleius
1201 1286 1410 1326 scriberet.
1467 1286 1605 1327 Perie-

216 1347 312 1382 runt
349 1347 443 1395 post
479 1343 616 1383 Seiani
654 1343 836 1385 caedem.
904 1342 981 1382 Dio
1028 1341 1142 1383 Cass.
1188 1341 1351 1400 Lvssl„
1378 1355 1469 1396 pag.
1505 1347 1603 1387 894.

215 1398 313 1439 'rac'
329 1399 378 1495 1¹12
403 1401 581 1510 ⁰1‘312).5'§.
610 1457 650 1497 3.
692 1455 785 1496 0011.
825 1455 920 1496 129.
958 1451 998 1507 §.
1029 1456 1070 1497 2.
1112 1453 1183 1493 ubi
1221 1453 1273 1493 de
1311 1452 1485 1496 lectione
1522 1456 1602 1497 vid.

215 1511 432 1553 Ruhnken.
465 1534 524 1543 —
562 1510 661 1565 quid
696 1512 765 1552 hic
797 1512 951 1552 meruit
986 1542 998 1552 .
1025 1538 1040 1551 .
1066 1538 1078 1549 .
1112 1516 1162 1551 ut
1189 1512 1402 1552 scelerata
1432 1512 1603 1554 Drusus

215 1567 322 1609 Libo
359 1570 490 1609 iniret
519 1569 727 1609 consilia?
761 1568 957 1622 Turpiter
985 1572 1161 1608 astutum
1184 1580 1229 1607 se
1258 1569 1446 1620 praebuit
1476 1569 1600 1610 Tibe-

212 1625 298 1665 rius
334 1625 376 1664 in
412 1626 637 1678 improvido
675 1630 717 1666 et
752 1638 854 1665 vano
893 1626 1035 1665 iuvene
1074 1625 1448 1675 circumveniendo,
1491 1626 1599 1667 vitiis

213 1682 300 1722 eius
338 1683 571 1731 insidiatus„
624 1682 771 1722 Totam
800 1695 888 1721 rem
925 1682 1103 1722 omnium
1139 1682 1440 1722 accuratissime
1478 1695 1600 1736 expo.

212 1739 272 1779 nit
301 1738 468 1778 Tacitus
498 1740 599 1780 Anu.
629 1740 679 1780 11.
708 1741 887 1781 27—31.
919 1739 1036 1778 Conf.
1067 1743 1203 1778 tamen
1231 1739 1343 1779 Suet.
1374 1739 1466 1780 Tib.
1501 1742 1569 1782 25.

326 1796 443 1846 Quod
472 1796 596 1846 igitur
623 1796 665 1834 in
700 1796 764 1850 his
804 1800 848 1834 et
882 1796 1079 1835 similibus
1117 1795 1239 1834 rebus
1269 1796 1476 1840 commisit,
1498 1795 1596 1837 Vel.

210 1849 345 1892 ieius‘?
387 1851 533 1892 velum
563 1852 725 1893 trahere
762 1865 882 1893 ausus
920 1865 1001 1894 non
1037 1855 1103 1893 est
1137 1864 1162 1891 a
1192 1851 1367 1893 Caesare
1403 1852 1596 1895 dedecori

198 1920 283 1953 ⁴suo
312 1909 535 1950 obtentum.

858 2031 952 2076 V11.

318 2133 538 2188 Postquam
567 2136 723 2187 singula
751 2137 860 2187 loca,
896 2136 968 2176 ubi
997 2134 1188 2176 Tiberius
1216 2136 1422 2186 laudatur,
1449 2150 1590 2178 recen·

206 2191 383 2241 suimus,
424 2194 663 2233 adulationis
700 2194 928 2246 suspicione
963 2193 1028 2233 vel
1066 2198 1199 2233 amota
1237 2193 1301 2233 vel
1335 2194 1590 2235 confirmata:

205 2249 284 2288 iam
314 2251 504 2290 universe
533 2249 587 2290 de
619 2249 769 2291 Velleii
799 2249 1044 2290 narratione
1076 2263 1220 2290 rerum
1250 2263 1279 2291 a
1313 2250 1487 2291 Tummo
1514 2265 1590 2306 ge-

204 2310 388 2355 starum,
418 2320 469 2346 ao
492 2305 546 2347 de
573 2307 660 2360 ipso
692 2308 782 2355 eius
812 2307 943 2347 heroii
970 2307 1198 2346 dicendum.

310 2363 509 2403 'Tiberius
549 2363 699 2403 Caesar
738 2364 902 2416 egregio
939 2363 1159 2404 instructus
1195 2362 1324 2403 fuisse
1349 2363 1448 2403 mihi
1476 2364 1587 2405 vide-

202 2422 269 2459 tur
296 2420 478 2471 ingenio,
518 2433 564 2460 ac
592 2420 802 2460 virtutibus
833 2421 1090 2472 quibusdam,
1127 2433 1229 2472 quae
1258 2433 1309 2459 ex
1337 2421 1484 2460 mentis
1512 2433 1584 2473 po·

199 2476 399 2517 tissimum
429 2478 612 2517 acumine
637 2477 838 2530 pendent,
875 2477 983 2516 haud
1012 2490 1179 2525 vacuus3
1215 2476 1324 2516 idem
1353 2490 1449 2517 vero
1483 2477 1586 2517 mul-

199 2533 252 2573 tis
281 2534 545 2586 maximisque
572 2534 705 2586 vitiis,
743 2546 847 2587 quae
885 2547 938 2575 ex
965 2533 1087 2574 animi
1113 2534 1381 2588 perversitate
1408 2538 1585 2584 manant,

198 2644 480 2664 *-

283 2713 325 2757 ’*)
349 2713 438 2748 Vere
469 2713 586 2757 enim,
616 2714 869 2750 humanissime
900 2714 1086 2750 iuvenum!
1117 2711 1347 2750 moribundus
1369 2715 1457 2752 illud
1478 2727 1581 2762 prue-

195 2758 313 2795 dixi-ti
334 2759 442 2804 (Tae.
464 2762 510 2798 A.
532 2762 578 2797 11.
600 2761 679 2807 u.)
693 2774 702 2797 =
715 2763 854 2808 flebunt
876 2763 1117 2799 Germanicum
1138 2763 1248 2799 ctiam
1269 2763 1397 2810 ignoti.
