<?xml version="1.0" encoding="UTF-8"?>
<!DOCTYPE html PUBLIC "-//W3C//DTD XHTML 1.0 Transitional//EN"
    "http://www.w3.org/TR/xhtml1/DTD/xhtml1-transitional.dtd">
<html xmlns="http://www.w3.org/1999/xhtml" xml:lang="en" lang="en">
 <head>
  <title>
</title>
<meta http-equiv="Content-Type" content="text/html;charset=utf-8" />
  <meta name='ocr-system' content='tesseract 3.04.00' />
  <meta name='ocr-capabilities' content='ocr_page ocr_carea ocr_par ocr_line ocrx_word'/>
</head>
<body>
  <div class='ocr_page' id='page_1' title='image "./quaesupersuntexh00velluoft_0402.png"; bbox 0 0 1728 3054; ppageno 0'>
   <div class='ocr_carea' id='block_1_1' title="bbox 208 186 296 227">
    <p class='ocr_par' dir='ltr' id='par_1_1' title="bbox 208 186 296 227">
     <span class='ocr_line' id='line_1_1' title="bbox 208 186 296 227; baseline 0 0"><span class='ocrx_word' id='word_1_1' title='bbox 208 186 296 227; x_wconf 77' lang='lat'>214</span> 
     </span>
    </p>
   </div>
   <div class='ocr_carea' id='block_1_2' title="bbox 514 181 1314 227">
    <p class='ocr_par' dir='ltr' id='par_1_2' title="bbox 514 181 1314 227">
     <span class='ocr_line' id='line_1_2' title="bbox 514 181 1314 227; baseline 0.005 -4"><span class='ocrx_word' id='word_1_2' title='bbox 514 183 560 223; x_wconf 81' lang='lat' dir='ltr'>G.</span> <span class='ocrx_word' id='word_1_3' title='bbox 600 181 886 225; x_wconf 73' lang='lat' dir='ltr'>VELLEH</span> <span class='ocrx_word' id='word_1_4' title='bbox 929 181 1314 227; x_wconf 71' lang='lat' dir='ltr'>PATchUm</span> 
     </span>
    </p>
   </div>
   <div class='ocr_carea' id='block_1_3' title="bbox 212 295 1641 634">
    <p class='ocr_par' dir='ltr' id='par_1_3' title="bbox 212 295 1641 634">
     <span class='ocr_line' id='line_1_3' title="bbox 350 295 1594 349; baseline 0.006 -7"><span class='ocrx_word' id='word_1_5' title='bbox 350 295 486 342; x_wconf 83' lang='lat' dir='ltr'><strong>CAP.</strong></span> <span class='ocrx_word' id='word_1_6' title='bbox 519 295 770 343; x_wconf 86' lang='lat' dir='ltr'><strong>LXXXIX.</strong></span> <span class='ocrx_word' id='word_1_7' title='bbox 818 297 985 345; x_wconf 83' lang='lat' dir='ltr'>Caesar</span> <span class='ocrx_word' id='word_1_8' title='bbox 1022 305 1171 346; x_wconf 86' lang='lat' dir='ltr'>autem</span> <span class='ocrx_word' id='word_1_9' title='bbox 1200 316 1399 348; x_wconf 84' lang='lat' dir='ltr'>reversus</span> <span class='ocrx_word' id='word_1_10' title='bbox 1426 302 1472 348; x_wconf 86' lang='lat' dir='ltr'>in</span> <span class='ocrx_word' id='word_1_11' title='bbox 1498 303 1594 349; x_wconf 88' lang='lat' dir='ltr'>lta-</span> 
     </span>
     <span class='ocr_line' id='line_1_4' title="bbox 213 366 1594 435; baseline 0.006 -26"><span class='ocrx_word' id='word_1_12' title='bbox 213 366 321 410; x_wconf 86' lang='lat' dir='ltr'>liam</span> <span class='ocrx_word' id='word_1_13' title='bbox 351 371 486 424; x_wconf 81' lang='lat' dir='ltr'>atque</span> <span class='ocrx_word' id='word_1_14' title='bbox 518 367 701 426; x_wconf 85' lang='lat' dir='ltr'>urbem,</span> <span class='ocrx_word' id='word_1_15' title='bbox 737 382 828 427; x_wconf 90' lang='lat' dir='ltr'>quo</span> <span class='ocrx_word' id='word_1_16' title='bbox 855 382 1060 429; x_wconf 83' lang='lat' dir='ltr'>occursu,</span> <span class='ocrx_word' id='word_1_17' title='bbox 1087 384 1180 428; x_wconf 89' lang='lat' dir='ltr'>quo</span> <span class='ocrx_word' id='word_1_18' title='bbox 1210 370 1365 415; x_wconf 84' lang='lat' dir='ltr'>favore</span> <span class='ocrx_word' id='word_1_19' title='bbox 1395 374 1594 435; x_wconf 79' lang='lat' dir='ltr'>omnium</span> 
     </span>
     <span class='ocr_line' id='line_1_5' title="bbox 212 434 1597 499; baseline 0.006 -21"><span class='ocrx_word' id='word_1_20' title='bbox 212 434 472 490; x_wconf 82' lang='lat' dir='ltr'>hominurn,</span> <span class='ocrx_word' id='word_1_21' title='bbox 507 435 735 492; x_wconf 85' lang='lat' dir='ltr'>aetatium,</span> <span class='ocrx_word' id='word_1_22' title='bbox 769 437 978 484; x_wconf 89' lang='lat' dir='ltr'><strong>ordinum</strong></span> <span class='ocrx_word' id='word_1_23' title='bbox 1008 445 1221 498; x_wconf 87' lang='lat' dir='ltr'>exceptus</span> <span class='ocrx_word' id='word_1_24' title='bbox 1250 439 1325 493; x_wconf 80' lang='lat' dir='ltr'>sit3</span> <span class='ocrx_word' id='word_1_25' title='bbox 1356 455 1473 499; x_wconf 85' lang='lat' dir='ltr'>quae</span> <span class='ocrx_word' id='word_1_26' title='bbox 1495 456 1597 486; x_wconf 75' lang='lat' dir='ltr'>ma-</span> 
     </span>
     <span class='ocr_line' id='line_1_6' title="bbox 213 504 1641 567; baseline 0.006 -20"><span class='ocrx_word' id='word_1_27' title='bbox 213 504 472 564; x_wconf 78' lang='lat' dir='ltr'>gnificentia</span> <span class='ocrx_word' id='word_1_28' title='bbox 499 504 836 565; x_wconf 83' lang='lat' dir='ltr'>triumphorum</span> <span class='ocrx_word' id='word_1_29' title='bbox 878 509 971 553; x_wconf 86' lang='lat' dir='ltr'>eius</span> <span class='ocrx_word' id='word_1_30' title='bbox 987 542 1001 566; x_wconf 89' lang='lat'>‚</span> <span class='ocrx_word' id='word_1_31' title='bbox 1036 523 1154 567; x_wconf 86' lang='lat' dir='ltr'>quae</span> <span class='ocrx_word' id='word_1_32' title='bbox 1181 508 1316 554; x_wconf 83' lang='lat' dir='ltr'>fuerit</span> <span class='ocrx_word' id='word_1_33' title='bbox 1347 524 1597 566; x_wconf 85' lang='lat' dir='ltr'>munerum,</span> <span class='ocrx_word' id='word_1_34' title='bbox 1640 522 1641 526; x_wconf 74' lang='grc'>’</span> 
     </span>
     <span class='ocr_line' id='line_1_7' title="bbox 212 573 1594 634; baseline 0.005 -18"><span class='ocrx_word' id='word_1_35' title='bbox 212 587 272 617; x_wconf 88' lang='lat' dir='ltr'>ne</span> <span class='ocrx_word' id='word_1_36' title='bbox 310 573 356 618; x_wconf 91' lang='lat' dir='ltr'>in</span> <span class='ocrx_word' id='word_1_37' title='bbox 391 573 540 632; x_wconf 86' lang='lat' dir='ltr'>operis</span> <span class='ocrx_word' id='word_1_38' title='bbox 571 574 756 634; x_wconf 89' lang='lat' dir='ltr'>quidem</span> <span class='ocrx_word' id='word_1_39' title='bbox 781 576 883 620; x_wconf 81' lang='lat' dir='ltr'>iusti</span> <span class='ocrx_word' id='word_1_40' title='bbox 908 577 1105 632; x_wconf 85' lang='lat' dir='ltr'>materia,</span> <span class='ocrx_word' id='word_1_41' title='bbox 1141 577 1309 623; x_wconf 88' lang='lat' dir='ltr'>nedum</span> <span class='ocrx_word' id='word_1_42' title='bbox 1340 577 1472 623; x_wconf 83' lang='lat' dir='ltr'>huius</span> <span class='ocrx_word' id='word_1_43' title='bbox 1499 585 1594 623; x_wconf 86' lang='lat' dir='ltr'>tam</span> 
     </span>
    </p>
   </div>
   <div class='ocr_carea' id='block_1_4' title="bbox 174 641 958 704">
    <p class='ocr_par' dir='ltr' id='par_1_4' title="bbox 174 641 958 704">
     <span class='ocr_line' id='line_1_8' title="bbox 174 641 958 704; baseline 0.005 -17"><span class='ocrx_word' id='word_1_44' title='bbox 174 641 366 697; x_wconf 78' lang='lat' dir='ltr'>2recisi‚</span> <span class='ocrx_word' id='word_1_45' title='bbox 402 642 543 702; x_wconf 84' lang='lat' dir='ltr'>digne</span> <span class='ocrx_word' id='word_1_46' title='bbox 577 645 769 704; x_wconf 80' lang='lat' dir='ltr'><strong>exprimi</strong></span> <span class='ocrx_word' id='word_1_47' title='bbox 797 651 958 704; x_wconf 88' lang='lat' dir='ltr'>potest.</span> 
     </span>
    </p>
   </div>
   <div class='ocr_carea' id='block_1_5' title="bbox 1026 646 1600 708">
    <p class='ocr_par' dir='ltr' id='par_1_5' title="bbox 1026 646 1600 708">
     <span class='ocr_line' id='line_1_9' title="bbox 1026 646 1600 708; baseline -0.002 -15"><span class='ocrx_word' id='word_1_48' title='bbox 1026 646 1154 693; x_wconf 88' lang='lat' dir='ltr'>Nihil</span> <span class='ocrx_word' id='word_1_49' title='bbox 1184 646 1351 692; x_wconf 90' lang='lat' dir='ltr'>deinde</span> <span class='ocrx_word' id='word_1_50' title='bbox 1379 653 1539 708; x_wconf 86' lang='lat' dir='ltr'>optare</span> <span class='ocrx_word' id='word_1_51' title='bbox 1571 663 1600 692; x_wconf 78' lang='lat' dir='ltr'>a</span> 
     </span>
    </p>
   </div>
   <div class='ocr_carea' id='block_1_6' title="bbox 213 710 1602 917">
    <p class='ocr_par' dir='ltr' id='par_1_6' title="bbox 213 710 1602 917">
     <span class='ocr_line' id='line_1_10' title="bbox 213 710 1601 777; baseline 0.004 -22"><span class='ocrx_word' id='word_1_52' title='bbox 213 710 309 757; x_wconf 82' lang='lat' dir='ltr'>Diis</span> <span class='ocrx_word' id='word_1_53' title='bbox 347 710 576 771; x_wconf 82' lang='lat' dir='ltr'>homines,</span> <span class='ocrx_word' id='word_1_54' title='bbox 611 713 723 758; x_wconf 82' lang='lat' dir='ltr'>nihil</span> <span class='ocrx_word' id='word_1_55' title='bbox 749 714 825 759; x_wconf 91' lang='lat' dir='ltr'>Dii</span> <span class='ocrx_word' id='word_1_56' title='bbox 855 714 1111 762; x_wconf 87' lang='lat' dir='ltr'>hominibus</span> <span class='ocrx_word' id='word_1_57' title='bbox 1136 722 1365 776; x_wconf 84' lang='lat' dir='ltr'>praestare</span> <span class='ocrx_word' id='word_1_58' title='bbox 1394 721 1601 777; x_wconf 78' lang='lat' dir='ltr'>possunt3</span> 
     </span>
     <span class='ocr_line' id='line_1_11' title="bbox 214 778 1600 844; baseline 0.005 -21"><span class='ocrx_word' id='word_1_59' title='bbox 214 778 329 829; x_wconf 84' lang='lat' dir='ltr'>nihil</span> <span class='ocrx_word' id='word_1_60' title='bbox 371 786 479 825; x_wconf 83' lang='lat' dir='ltr'>voto</span> <span class='ocrx_word' id='word_1_61' title='bbox 515 782 709 843; x_wconf 82' lang='lat' dir='ltr'>concipi,</span> <span class='ocrx_word' id='word_1_62' title='bbox 743 783 857 828; x_wconf 87' lang='lat' dir='ltr'>nihil</span> <span class='ocrx_word' id='word_1_63' title='bbox 886 783 1101 830; x_wconf 84' lang='lat' dir='ltr'>felicitate</span> <span class='ocrx_word' id='word_1_64' title='bbox 1125 786 1437 842; x_wconf 85' lang='lat' dir='ltr'>consummari,</span> <span class='ocrx_word' id='word_1_65' title='bbox 1472 784 1600 844; x_wconf 81' lang='lat' dir='ltr'>quod</span> 
     </span>
     <span class='ocr_line' id='line_1_12' title="bbox 214 850 1602 917; baseline 0.004 -24"><span class='ocrx_word' id='word_1_66' title='bbox 214 862 307 893; x_wconf 86' lang='lat' dir='ltr'>non</span> <span class='ocrx_word' id='word_1_67' title='bbox 340 850 594 910; x_wconf 80' lang='lat' dir='ltr'>AugustuS‚</span> <span class='ocrx_word' id='word_1_68' title='bbox 629 858 733 911; x_wconf 87' lang='lat' dir='ltr'>post</span> <span class='ocrx_word' id='word_1_69' title='bbox 766 851 961 897; x_wconf 86' lang='lat' dir='ltr'>reditum</span> <span class='ocrx_word' id='word_1_70' title='bbox 994 853 1042 898; x_wconf 86' lang='lat' dir='ltr'>iu</span> <span class='ocrx_word' id='word_1_71' title='bbox 1075 854 1261 910; x_wconf 88' lang='lat' dir='ltr'>urbem,</span> <span class='ocrx_word' id='word_1_72' title='bbox 1295 855 1407 914; x_wconf 89' lang='lat' dir='ltr'>reip.</span> <span class='ocrx_word' id='word_1_73' title='bbox 1442 868 1602 917; x_wconf 84' lang='lat' dir='ltr'>popu-</span> 
     </span>
    </p>
   </div>
   <div class='ocr_carea' id='block_1_7' title="bbox 176 917 1402 982">
    <p class='ocr_par' dir='ltr' id='par_1_7' title="bbox 176 917 1402 982">
     <span class='ocr_line' id='line_1_13' title="bbox 176 917 1402 982; baseline 0.007 -20"><span class='ocrx_word' id='word_1_74' title='bbox 176 917 356 980; x_wconf 65' lang='lat' dir='ltr'>aloque</span> <span class='ocrx_word' id='word_1_75' title='bbox 386 919 475 970; x_wconf 82' lang='lat' dir='ltr'><strong>Ro.</strong></span> <span class='ocrx_word' id='word_1_76' title='bbox 508 925 817 981; x_wconf 82' lang='lat' dir='ltr'>terrarumque</span> <span class='ocrx_word' id='word_1_77' title='bbox 862 922 961 967; x_wconf 87' lang='lat' dir='ltr'>orbi</span> <span class='ocrx_word' id='word_1_78' title='bbox 993 924 1402 982; x_wconf 81' lang='lat' dir='ltr'>repraesentaverit.</span> 
     </span>
    </p>
   </div>
   <div class='ocr_carea' id='block_1_8' title="bbox 216 1073 879 1211">
    <p class='ocr_par' dir='ltr' id='par_1_8' title="bbox 216 1073 879 1211">
     <span class='ocr_line' id='line_1_14' title="bbox 216 1073 879 1122; baseline 0.008 -16"><span class='ocrx_word' id='word_1_79' title='bbox 216 1073 406 1119; x_wconf 81' lang='lat' dir='ltr'>legendum</span> <span class='ocrx_word' id='word_1_80' title='bbox 446 1074 663 1111; x_wconf 78' lang='lat' dir='ltr'>existimem:</span> <span class='ocrx_word' id='word_1_81' title='bbox 693 1087 879 1122; x_wconf 67' lang='lat' dir='ltr'>praema-</span> 
     </span>
     <span class='ocr_line' id='line_1_15' title="bbox 218 1123 879 1160; baseline 0.005 -5"><span class='ocrx_word' id='word_1_82' title='bbox 218 1125 302 1155; x_wconf 84' lang='lat' dir='ltr'>tura</span> <span class='ocrx_word' id='word_1_83' title='bbox 324 1126 435 1156; x_wconf 82' lang='lat' dir='ltr'>morte</span> <span class='ocrx_word' id='word_1_84' title='bbox 466 1123 696 1157; x_wconf 82' lang='lat' dir='ltr'><em>immortalem</em></span> <span class='ocrx_word' id='word_1_85' title='bbox 730 1124 879 1160; x_wconf 75' lang='lat' dir='ltr'>nominis</span> 
     </span>
     <span class='ocr_line' id='line_1_16' title="bbox 217 1167 856 1211; baseline 0.006 -11"><span class='ocrx_word' id='word_1_86' title='bbox 217 1167 274 1201; x_wconf 70' lang='lat' dir='ltr'>sui</span> <span class='ocrx_word' id='word_1_87' title='bbox 293 1168 457 1211; x_wconf 81' lang='lat' dir='ltr'>pensavit</span> <span class='ocrx_word' id='word_1_88' title='bbox 479 1170 692 1203; x_wconf 84' lang='lat' dir='ltr'>memoriam.</span> <span class='ocrx_word' id='word_1_89' title='bbox 711 1169 856 1204; x_wconf 73' lang='lat' dir='ltr'>Binum.</span> 
     </span>
    </p>
   </div>
   <div class='ocr_carea' id='block_1_9' title="bbox 197 1234 882 1606">
    <p class='ocr_par' dir='ltr' id='par_1_9' title="bbox 197 1234 882 1606">
     <span class='ocr_line' id='line_1_17' title="bbox 263 1234 876 1283; baseline 0.007 -15"><span class='ocrx_word' id='word_1_90' title='bbox 263 1234 364 1273; x_wconf 77' lang='lat' dir='ltr'><strong>cAP.</strong></span> <span class='ocrx_word' id='word_1_91' title='bbox 388 1235 584 1274; x_wconf 82' lang='lat' dir='ltr'>LXXXIX.</span> <span class='ocrx_word' id='word_1_92' title='bbox 616 1239 650 1279; x_wconf 69' lang='grc' dir='ltr'>ἓ.</span> <span class='ocrx_word' id='word_1_93' title='bbox 674 1236 707 1271; x_wconf 94' lang='grc'>1.</span> <span class='ocrx_word' id='word_1_94' title='bbox 733 1249 798 1283; x_wconf 78' lang='lat' dir='ltr'>qno</span> <span class='ocrx_word' id='word_1_95' title='bbox 823 1249 876 1272; x_wconf 86' lang='lat' dir='ltr'>oe-</span> 
     </span>
     <span class='ocr_line' id='line_1_18' title="bbox 217 1282 881 1319; baseline 0.002 -2"><span class='ocrx_word' id='word_1_96' title='bbox 217 1291 332 1317; x_wconf 76' lang='grc' dir='ltr'><strong>οιινειι.</strong></span> <span class='ocrx_word' id='word_1_97' title='bbox 356 1282 437 1316; x_wconf 84' lang='lat' dir='ltr'>Hoc</span> <span class='ocrx_word' id='word_1_98' title='bbox 460 1283 503 1316; x_wconf 84' lang='lat' dir='ltr'>de</span> <span class='ocrx_word' id='word_1_99' title='bbox 528 1284 726 1319; x_wconf 81' lang='lat' dir='ltr'>necessaria</span> <span class='ocrx_word' id='word_1_100' title='bbox 751 1287 786 1318; x_wconf 87' lang='lat' dir='ltr'>et</span> <span class='ocrx_word' id='word_1_101' title='bbox 806 1295 881 1318; x_wconf 84' lang='lat' dir='ltr'>cer-</span> 
     </span>
     <span class='ocr_line' id='line_1_19' title="bbox 217 1327 880 1373; baseline 0.005 -13"><span class='ocrx_word' id='word_1_102' title='bbox 217 1331 255 1361; x_wconf 81' lang='lat' dir='ltr'>te.</span> <span class='ocrx_word' id='word_1_103' title='bbox 285 1327 396 1371; x_wconf 82' lang='lat' dir='ltr'>Lipsii</span> <span class='ocrx_word' id='word_1_104' title='bbox 427 1329 641 1363; x_wconf 80' lang='lat' dir='ltr'>correctione</span> <span class='ocrx_word' id='word_1_105' title='bbox 673 1330 880 1373; x_wconf 81' lang='lat' dir='ltr'>recepimus.</span> 
     </span>
     <span class='ocr_line' id='line_1_20' title="bbox 217 1372 882 1417; baseline 0.005 -11"><span class='ocrx_word' id='word_1_106' title='bbox 217 1372 311 1408; x_wconf 83' lang='lat' dir='ltr'>Edit.</span> <span class='ocrx_word' id='word_1_107' title='bbox 332 1385 386 1417; x_wconf 85' lang='lat' dir='ltr'>pr.</span> <span class='ocrx_word' id='word_1_108' title='bbox 423 1374 551 1411; x_wconf 79' lang='lat' dir='ltr'>Caesar</span> <span class='ocrx_word' id='word_1_109' title='bbox 583 1381 701 1410; x_wconf 82' lang='lat' dir='ltr'>autem</span> <span class='ocrx_word' id='word_1_110' title='bbox 724 1387 882 1410; x_wconf 82' lang='lat' dir='ltr'>reversus</span> 
     </span>
     <span class='ocr_line' id='line_1_21' title="bbox 219 1419 882 1466; baseline 0.005 -13"><span class='ocrx_word' id='word_1_111' title='bbox 219 1419 257 1453; x_wconf 77' lang='lat' dir='ltr'>in</span> <span class='ocrx_word' id='word_1_112' title='bbox 289 1420 433 1454; x_wconf 77' lang='lat' dir='ltr'>Italiam</span> <span class='ocrx_word' id='word_1_113' title='bbox 468 1427 574 1466; x_wconf 82' lang='lat' dir='ltr'>atque</span> <span class='ocrx_word' id='word_1_114' title='bbox 607 1423 727 1457; x_wconf 83' lang='lat' dir='ltr'>urbem</span> <span class='ocrx_word' id='word_1_115' title='bbox 761 1433 882 1456; x_wconf 85' lang='lat' dir='ltr'>occur-</span> 
     </span>
     <span class='ocr_line' id='line_1_22' title="bbox 197 1468 879 1513; baseline 0.003 -14"><span class='ocrx_word' id='word_1_116' title='bbox 197 1476 299 1508; x_wconf 58' lang='lat' dir='ltr'>wus,</span> <span class='ocrx_word' id='word_1_117' title='bbox 325 1478 392 1511; x_wconf 80' lang='lat' dir='ltr'>quo</span> <span class='ocrx_word' id='word_1_118' title='bbox 412 1469 539 1511; x_wconf 82' lang='lat' dir='ltr'>favore</span> <span class='ocrx_word' id='word_1_119' title='bbox 570 1471 635 1504; x_wconf 84' lang='lat' dir='ltr'>etc.</span> <span class='ocrx_word' id='word_1_120' title='bbox 675 1468 879 1513; x_wconf 83' lang='lat' dir='ltr'>[Vascosan.</span> 
     </span>
     <span class='ocr_line' id='line_1_23' title="bbox 219 1514 882 1556; baseline 0.005 -10"><span class='ocrx_word' id='word_1_121' title='bbox 219 1523 286 1556; x_wconf 81' lang='lat' dir='ltr'>quo</span> <span class='ocrx_word' id='word_1_122' title='bbox 321 1524 498 1548; x_wconf 79' lang='lat' dir='ltr'>concursu.</span> <span class='ocrx_word' id='word_1_123' title='bbox 532 1514 618 1549; x_wconf 85' lang='lat' dir='ltr'>Mox</span> <span class='ocrx_word' id='word_1_124' title='bbox 651 1514 746 1549; x_wconf 79' lang='lat' dir='ltr'>idem</span> <span class='ocrx_word' id='word_1_125' title='bbox 779 1520 882 1550; x_wconf 78' lang='lat' dir='ltr'>aeta-</span> 
     </span>
     <span class='ocr_line' id='line_1_24' title="bbox 218 1561 795 1606; baseline 0.002 -12"><span class='ocrx_word' id='word_1_126' title='bbox 218 1562 294 1594; x_wconf 81' lang='lat' dir='ltr'>tum</span> <span class='ocrx_word' id='word_1_127' title='bbox 315 1570 381 1604; x_wconf 82' lang='lat' dir='ltr'>pro</span> <span class='ocrx_word' id='word_1_128' title='bbox 404 1561 587 1596; x_wconf 82' lang='lat' dir='ltr'>aetatium.</span> <span class='ocrx_word' id='word_1_129' title='bbox 612 1562 667 1597; x_wconf 79' lang='lat' dir='ltr'>Ex</span> <span class='ocrx_word' id='word_1_130' title='bbox 687 1561 795 1606; x_wconf 60' lang='lat' dir='ltr'>Ana]</span> 
     </span>
    </p>
   </div>
   <div class='ocr_carea' id='block_1_10' title="bbox 219 1629 885 2044">
    <p class='ocr_par' dir='ltr' id='par_1_10' title="bbox 219 1629 885 2044">
     <span class='ocr_line' id='line_1_25' title="bbox 266 1629 883 1675; baseline 0.002 -13"><span class='ocrx_word' id='word_1_131' title='bbox 266 1629 395 1663; x_wconf 80' lang='lat' dir='ltr'>nedum</span> <span class='ocrx_word' id='word_1_132' title='bbox 417 1629 455 1664; x_wconf 81' lang='lat' dir='ltr'>in</span> <span class='ocrx_word' id='word_1_133' title='bbox 477 1630 590 1674; x_wconf 81' lang='lat' dir='ltr'>operis</span> <span class='ocrx_word' id='word_1_134' title='bbox 612 1631 782 1675; x_wconf 79' lang='lat' dir='ltr'>siquidem</span> <span class='ocrx_word' id='word_1_135' title='bbox 799 1629 883 1664; x_wconf 76' lang='lat' dir='ltr'>iusti</span> 
     </span>
     <span class='ocr_line' id='line_1_26' title="bbox 219 1676 880 1722; baseline 0.003 -14"><span class='ocrx_word' id='word_1_136' title='bbox 219 1676 380 1709; x_wconf 84' lang='lat' dir='ltr'>materia.</span> <span class='ocrx_word' id='word_1_137' title='bbox 415 1676 538 1719; x_wconf 86' lang='lat' dir='ltr'>Alias,</span> <span class='ocrx_word' id='word_1_138' title='bbox 569 1677 627 1710; x_wconf 74' lang='lat' dir='ltr'>vix</span> <span class='ocrx_word' id='word_1_139' title='bbox 650 1678 686 1710; x_wconf 84' lang='lat' dir='ltr'>in</span> <span class='ocrx_word' id='word_1_140' title='bbox 709 1678 822 1722; x_wconf 85' lang='lat' dir='ltr'>operis</span> <span class='ocrx_word' id='word_1_141' title='bbox 845 1681 880 1710; x_wconf 86' lang='lat' dir='ltr'>et</span> 
     </span>
     <span class='ocr_line' id='line_1_27' title="bbox 221 1721 880 1764; baseline 0.003 -9"><span class='ocrx_word' id='word_1_142' title='bbox 221 1721 373 1764; x_wconf 76' lang='lat' dir='ltr'>quidem.</span> <span class='ocrx_word' id='word_1_143' title='bbox 404 1722 575 1757; x_wconf 74' lang='grc' dir='ltr'><strong>ΒιιΕΝΑΝ.</strong></span> <span class='ocrx_word' id='word_1_144' title='bbox 606 1723 762 1757; x_wconf 55' lang='lat' dir='ltr'>[sectioni</span> <span class='ocrx_word' id='word_1_145' title='bbox 796 1723 880 1757; x_wconf 87' lang='lat' dir='ltr'>Vel-</span> 
     </span>
     <span class='ocr_line' id='line_1_28' title="bbox 220 1766 876 1811; baseline 0.002 -9"><span class='ocrx_word' id='word_1_146' title='bbox 220 1766 359 1804; x_wconf 81' lang='lat' dir='ltr'>leianae</span> <span class='ocrx_word' id='word_1_147' title='bbox 387 1769 476 1804; x_wconf 86' lang='lat' dir='ltr'>nihil</span> <span class='ocrx_word' id='word_1_148' title='bbox 510 1770 628 1803; x_wconf 84' lang='lat' dir='ltr'>deesse</span> <span class='ocrx_word' id='word_1_149' title='bbox 657 1770 812 1811; x_wconf 77' lang='lat' dir='ltr'>videtur,</span> <span class='ocrx_word' id='word_1_150' title='bbox 845 1768 876 1803; x_wconf 85' lang='lat' dir='ltr'>si</span> 
     </span>
     <span class='ocr_line' id='line_1_29' title="bbox 222 1795 884 1860; baseline 0.003 -13"><span class='ocrx_word' id='word_1_151' title='bbox 222 1813 312 1848; x_wconf 86' lang='lat' dir='ltr'>bene</span> <span class='ocrx_word' id='word_1_152' title='bbox 341 1815 548 1860; x_wconf 82' lang='lat' dir='ltr'>perpendas.</span> <span class='ocrx_word' id='word_1_153' title='bbox 580 1816 723 1849; x_wconf 74' lang='grc' dir='ltr'><strong>Βιιιιιςιι.</strong></span> <span class='ocrx_word' id='word_1_154' title='bbox 758 1795 884 1850; x_wconf 79' lang='lat' dir='ltr'>Editor</span> 
     </span>
     <span class='ocr_line' id='line_1_30' title="bbox 222 1859 883 1905; baseline 0.002 -10"><span class='ocrx_word' id='word_1_155' title='bbox 222 1859 332 1895; x_wconf 79' lang='lat' dir='ltr'>Basil.</span> <span class='ocrx_word' id='word_1_156' title='bbox 355 1861 488 1905; x_wconf 82' lang='lat' dir='ltr'>optime</span> <span class='ocrx_word' id='word_1_157' title='bbox 517 1862 612 1895; x_wconf 82' lang='lat' dir='ltr'>hunc</span> <span class='ocrx_word' id='word_1_158' title='bbox 635 1863 753 1895; x_wconf 90' lang='lat' dir='ltr'>locum</span> <span class='ocrx_word' id='word_1_159' title='bbox 777 1861 883 1896; x_wconf 80' lang='lat' dir='ltr'>resti-</span> 
     </span>
     <span class='ocr_line' id='line_1_31' title="bbox 222 1906 885 1963; baseline 0.002 -22"><span class='ocrx_word' id='word_1_160' title='bbox 222 1906 312 1941; x_wconf 84' lang='lat' dir='ltr'>tuit:</span> <span class='ocrx_word' id='word_1_161' title='bbox 346 1918 389 1941; x_wconf 88' lang='lat' dir='ltr'>ne</span> <span class='ocrx_word' id='word_1_162' title='bbox 420 1908 458 1943; x_wconf 87' lang='lat' dir='ltr'>in</span> <span class='ocrx_word' id='word_1_163' title='bbox 489 1909 601 1952; x_wconf 82' lang='lat' dir='ltr'>operis</span> <span class='ocrx_word' id='word_1_164' title='bbox 632 1909 771 1963; x_wconf 79' lang='lat' dir='ltr'>quidem</span> <span class='ocrx_word' id='word_1_165' title='bbox 800 1908 885 1942; x_wconf 83' lang='lat' dir='ltr'>iusti</span> 
     </span>
     <span class='ocr_line' id='line_1_32' title="bbox 222 1953 885 2008; baseline 0.003 -22"><span class='ocrx_word' id='word_1_166' title='bbox 222 1953 386 1990; x_wconf 83' lang='lat' dir='ltr'>materia.</span> <span class='ocrx_word' id='word_1_167' title='bbox 409 1953 515 1988; x_wconf 83' lang='lat' dir='ltr'>Edit.</span> <span class='ocrx_word' id='word_1_168' title='bbox 525 1965 576 1998; x_wconf 82' lang='lat' dir='ltr'>pr.</span> <span class='ocrx_word' id='word_1_169' title='bbox 593 1955 721 1988; x_wconf 89' lang='lat' dir='ltr'>nedum</span> <span class='ocrx_word' id='word_1_170' title='bbox 743 1956 780 1988; x_wconf 82' lang='lat' dir='ltr'>in</span> <span class='ocrx_word' id='word_1_171' title='bbox 803 1965 885 2008; x_wconf 85' lang='lat' dir='ltr'>ope-</span> 
     </span>
     <span class='ocr_line' id='line_1_33' title="bbox 222 1999 884 2044; baseline 0 -11"><span class='ocrx_word' id='word_1_172' title='bbox 222 1999 273 2033; x_wconf 81' lang='lat' dir='ltr'>ris</span> <span class='ocrx_word' id='word_1_173' title='bbox 306 1999 489 2044; x_wconf 79' lang='lat' dir='ltr'>siquidem</span> <span class='ocrx_word' id='word_1_174' title='bbox 508 2001 592 2035; x_wconf 69' lang='lat' dir='ltr'>iusti</span> <span class='ocrx_word' id='word_1_175' title='bbox 622 2001 784 2035; x_wconf 87' lang='lat' dir='ltr'>materia.</span> <span class='ocrx_word' id='word_1_176' title='bbox 821 1999 884 2034; x_wconf 84' lang='lat' dir='ltr'>ubi</span> 
     </span>
    </p>
   </div>
   <div class='ocr_carea' id='block_1_11' title="bbox 149 2045 884 2091">
    <p class='ocr_par' dir='ltr' id='par_1_11' title="bbox 149 2045 884 2091">
     <span class='ocr_line' id='line_1_34' title="bbox 149 2045 884 2091; baseline -0.001 -10"><span class='ocrx_word' id='word_1_177' title='bbox 149 2047 152 2050; x_wconf 55' lang='lat'><strong>⁴</strong></span> <span class='ocrx_word' id='word_1_178' title='bbox 223 2045 352 2082; x_wconf 77' lang='lat' dir='ltr'>nedum</span> <span class='ocrx_word' id='word_1_179' title='bbox 375 2046 586 2082; x_wconf 86' lang='lat' dir='ltr'>inculcatum</span> <span class='ocrx_word' id='word_1_180' title='bbox 610 2051 661 2082; x_wconf 75' lang='lat' dir='ltr'>est</span> <span class='ocrx_word' id='word_1_181' title='bbox 682 2058 724 2080; x_wconf 89' lang='lat' dir='ltr'>ex</span> <span class='ocrx_word' id='word_1_182' title='bbox 741 2058 884 2091; x_wconf 70' lang='lat' dir='ltr'>sequem</span> 
     </span>
    </p>
   </div>
   <div class='ocr_carea' id='block_1_12' title="bbox 225 2092 886 2323">
    <p class='ocr_par' dir='ltr' id='par_1_12' title="bbox 225 2092 886 2323">
     <span class='ocr_line' id='line_1_35' title="bbox 225 2092 885 2138; baseline 0.002 -13"><span class='ocrx_word' id='word_1_183' title='bbox 225 2092 336 2134; x_wconf 80' lang='lat' dir='ltr'>tibus,</span> <span class='ocrx_word' id='word_1_184' title='bbox 371 2093 402 2126; x_wconf 82' lang='lat' dir='ltr'>si</span> <span class='ocrx_word' id='word_1_185' title='bbox 438 2097 562 2128; x_wconf 81' lang='lat' dir='ltr'>natum</span> <span class='ocrx_word' id='word_1_186' title='bbox 595 2104 637 2127; x_wconf 87' lang='lat' dir='ltr'>ex</span> <span class='ocrx_word' id='word_1_187' title='bbox 660 2094 786 2128; x_wconf 83' lang='lat' dir='ltr'>ultima</span> <span class='ocrx_word' id='word_1_188' title='bbox 810 2093 885 2138; x_wconf 77' lang='lat' dir='ltr'>syl-</span> 
     </span>
     <span class='ocr_line' id='line_1_36' title="bbox 225 2138 886 2184; baseline 0.002 -12"><span class='ocrx_word' id='word_1_189' title='bbox 225 2138 310 2172; x_wconf 80' lang='lat' dir='ltr'>laba</span> <span class='ocrx_word' id='word_1_190' title='bbox 333 2138 430 2173; x_wconf 84' lang='lat' dir='ltr'>vocis</span> <span class='ocrx_word' id='word_1_191' title='bbox 463 2140 584 2184; x_wconf 80' lang='lat' dir='ltr'>operis.</span> <span class='ocrx_word' id='word_1_192' title='bbox 613 2140 657 2174; x_wconf 89' lang='lat'>11.</span> <span class='ocrx_word' id='word_1_193' title='bbox 684 2140 765 2174; x_wconf 80' lang='lat'><strong>103.</strong></span> <span class='ocrx_word' id='word_1_194' title='bbox 792 2139 886 2173; x_wconf 86' lang='lat' dir='ltr'>Lae-</span> 
     </span>
     <span class='ocr_line' id='line_1_37' title="bbox 227 2185 885 2222; baseline -0.002 -2"><span class='ocrx_word' id='word_1_195' title='bbox 227 2185 344 2222; x_wconf 69' lang='lat' dir='ltr'>titiam</span> <span class='ocrx_word' id='word_1_196' title='bbox 374 2186 468 2220; x_wconf 77' lang='lat' dir='ltr'>illius</span> <span class='ocrx_word' id='word_1_197' title='bbox 502 2186 573 2220; x_wconf 87' lang='lat' dir='ltr'>diei</span> <span class='ocrx_word' id='word_1_198' title='bbox 611 2205 649 2212; x_wconf 90' lang='lat'>—</span> <span class='ocrx_word' id='word_1_199' title='bbox 685 2187 743 2220; x_wconf 72' lang='lat' dir='ltr'>via·</span> <span class='ocrx_word' id='word_1_200' title='bbox 766 2186 803 2220; x_wconf 81' lang='lat' dir='ltr'>in</span> <span class='ocrx_word' id='word_1_201' title='bbox 826 2187 885 2220; x_wconf 84' lang='lat' dir='ltr'>illo</span> 
     </span>
     <span class='ocr_line' id='line_1_38' title="bbox 227 2232 886 2278; baseline 0.002 -12"><span class='ocrx_word' id='word_1_202' title='bbox 227 2232 318 2266; x_wconf 77' lang='lat' dir='ltr'>iusto</span> <span class='ocrx_word' id='word_1_203' title='bbox 341 2242 443 2276; x_wconf 88' lang='lat' dir='ltr'>opere</span> <span class='ocrx_word' id='word_1_204' title='bbox 467 2232 604 2266; x_wconf 81' lang='lat' dir='ltr'>abunde</span> <span class='ocrx_word' id='word_1_205' title='bbox 633 2234 793 2278; x_wconf 76' lang='lat' dir='ltr'>persequi</span> <span class='ocrx_word' id='word_1_206' title='bbox 823 2243 886 2278; x_wconf 86' lang='lat' dir='ltr'>po-</span> 
     </span>
     <span class='ocr_line' id='line_1_39' title="bbox 227 2278 806 2323; baseline 0.004 -11"><span class='ocrx_word' id='word_1_207' title='bbox 227 2278 392 2320; x_wconf 78' lang='lat' dir='ltr'>terimus,</span> <span class='ocrx_word' id='word_1_208' title='bbox 416 2278 543 2312; x_wconf 85' lang='lat' dir='ltr'>nedum</span> <span class='ocrx_word' id='word_1_209' title='bbox 566 2278 622 2312; x_wconf 82' lang='lat' dir='ltr'>Izic</span> <span class='ocrx_word' id='word_1_210' title='bbox 652 2279 806 2323; x_wconf 83' lang='lat' dir='ltr'>implere.</span> 
     </span>
    </p>
   </div>
   <div class='ocr_carea' id='block_1_13' title="bbox 227 2346 887 2616">
    <p class='ocr_par' dir='ltr' id='par_1_13' title="bbox 228 2346 887 2614">
     <span class='ocr_line' id='line_1_40' title="bbox 274 2346 887 2383; baseline 0.002 -2"><span class='ocrx_word' id='word_1_211' title='bbox 274 2346 379 2381; x_wconf 82' lang='lat' dir='ltr'>huius</span> <span class='ocrx_word' id='word_1_212' title='bbox 417 2351 494 2382; x_wconf 83' lang='lat' dir='ltr'>tam</span> <span class='ocrx_word' id='word_1_213' title='bbox 531 2347 645 2381; x_wconf 79' lang='lat' dir='ltr'>recisi.</span> <span class='ocrx_word' id='word_1_214' title='bbox 691 2347 887 2383; x_wconf 82' lang='lat' dir='ltr'>Praeeisum</span> 
     </span>
     <span class='ocr_line' id='line_1_41' title="bbox 230 2393 887 2437; baseline 0.003 -10"><span class='ocrx_word' id='word_1_215' title='bbox 230 2403 314 2437; x_wconf 82' lang='lat' dir='ltr'>opus</span> <span class='ocrx_word' id='word_1_216' title='bbox 349 2393 483 2437; x_wconf 84' lang='lat' dir='ltr'>Sulpic.</span> <span class='ocrx_word' id='word_1_217' title='bbox 517 2393 638 2429; x_wconf 79' lang='lat' dir='ltr'>Sevcr.</span> <span class='ocrx_word' id='word_1_218' title='bbox 676 2394 705 2428; x_wconf 87' lang='grc' dir='ltr'>Ι.</span> <span class='ocrx_word' id='word_1_219' title='bbox 742 2395 797 2428; x_wconf 85' lang='grc'>10.</span> <span class='ocrx_word' id='word_1_220' title='bbox 831 2395 887 2431; x_wconf 92' lang='lat'>19.</span> 
     </span>
     <span class='ocr_line' id='line_1_42' title="bbox 228 2438 887 2481; baseline 0.005 -9"><span class='ocrx_word' id='word_1_221' title='bbox 228 2438 643 2481; x_wconf 77' lang='lat' dir='ltr'>11.27.dixitv011eii</span> <span class='ocrx_word' id='word_1_222' title='bbox 680 2440 887 2479; x_wconf 83' lang='lat' dir='ltr'>imitatione.</span> 
     </span>
     <span class='ocr_line' id='line_1_43' title="bbox 229 2484 887 2531; baseline 0.006 -13"><span class='ocrx_word' id='word_1_223' title='bbox 229 2484 322 2519; x_wconf 86' lang='lat' dir='ltr'>Plin.</span> <span class='ocrx_word' id='word_1_224' title='bbox 349 2486 378 2520; x_wconf 91' lang='lat'>1.</span> <span class='ocrx_word' id='word_1_225' title='bbox 410 2487 475 2530; x_wconf 79' lang='lat' dir='ltr'>Ep.</span> <span class='ocrx_word' id='word_1_226' title='bbox 503 2486 562 2520; x_wconf 83' lang='lat'>20.</span> <span class='ocrx_word' id='word_1_227' title='bbox 586 2498 675 2531; x_wconf 81' lang='lat' dir='ltr'>quae</span> <span class='ocrx_word' id='word_1_228' title='bbox 700 2488 807 2521; x_wconf 81' lang='lat' dir='ltr'>latius</span> <span class='ocrx_word' id='word_1_229' title='bbox 827 2489 887 2522; x_wconf 81' lang='lat' dir='ltr'>di-</span> 
     </span>
     <span class='ocr_line' id='line_1_44' title="bbox 227 2533 887 2580; baseline 0.008 -16.023"><span class='ocrx_word' id='word_1_230' title='bbox 227 2533 343 2574; x_wconf 67' lang='lat' dir='ltr'>acerit,</span> <span class='ocrx_word' id='word_1_231' title='bbox 371 2537 495 2576; x_wconf 81' lang='lat' dir='ltr'>postea</span> <span class='ocrx_word' id='word_1_232' title='bbox 522 2533 634 2567; x_wconf 80' lang='lat' dir='ltr'>recisa</span> <span class='ocrx_word' id='word_1_233' title='bbox 666 2545 707 2567; x_wconf 88' lang='lat' dir='ltr'>ac</span> <span class='ocrx_word' id='word_1_234' title='bbox 728 2539 887 2580; x_wconf 78' lang='lat' dir='ltr'>purgata</span> 
     </span>
     <span class='ocr_line' id='line_1_45' title="bbox 230 2577 773 2616; baseline 0.006 -6"><span class='ocrx_word' id='word_1_235' title='bbox 230 2577 269 2611; x_wconf 81' lang='lat' dir='ltr'>in</span> <span class='ocrx_word' id='word_1_236' title='bbox 291 2589 396 2613; x_wconf 85' lang='lat' dir='ltr'>unum</span> <span class='ocrx_word' id='word_1_237' title='bbox 421 2579 546 2613; x_wconf 81' lang='lat' dir='ltr'>librum</span> <span class='ocrx_word' id='word_1_238' title='bbox 569 2582 773 2616; x_wconf 83' lang='lat' dir='ltr'>coarctasse.</span> 
     </span>
    </p>
   </div>
   <div class='ocr_carea' id='block_1_14' title="bbox 233 2635 889 2777">
    <p class='ocr_par' dir='ltr' id='par_1_14' title="bbox 233 2635 889 2777">
     <span class='ocr_line' id='line_1_46' title="bbox 279 2635 888 2681; baseline 0.008 -12"><span class='ocrx_word' id='word_1_239' title='bbox 279 2636 313 2678; x_wconf 76' lang='lat'>§-</span> <span class='ocrx_word' id='word_1_240' title='bbox 343 2635 377 2669; x_wconf 85' lang='lat'>2.</span> <span class='ocrx_word' id='word_1_241' title='bbox 421 2637 520 2670; x_wconf 78' lang='lat' dir='ltr'>Nihil</span> <span class='ocrx_word' id='word_1_242' title='bbox 553 2637 678 2671; x_wconf 84' lang='lat' dir='ltr'>deinde</span> <span class='ocrx_word' id='word_1_243' title='bbox 707 2643 828 2681; x_wconf 80' lang='lat' dir='ltr'>optare</span> <span class='ocrx_word' id='word_1_244' title='bbox 864 2650 888 2675; x_wconf 77' lang='lat' dir='ltr'>a</span> 
     </span>
     <span class='ocr_line' id='line_1_47' title="bbox 233 2680 889 2729; baseline 0.005 -13"><span class='ocrx_word' id='word_1_245' title='bbox 233 2680 313 2716; x_wconf 75' lang='lat' dir='ltr'>diis.</span> <span class='ocrx_word' id='word_1_246' title='bbox 336 2681 587 2716; x_wconf 83' lang='lat' dir='ltr'>Seribendum.</span> <span class='ocrx_word' id='word_1_247' title='bbox 621 2683 720 2718; x_wconf 79' lang='lat' dir='ltr'>Nihil</span> <span class='ocrx_word' id='word_1_248' title='bbox 742 2685 889 2729; x_wconf 83' lang='lat' dir='ltr'>denique</span> 
     </span>
     <span class='ocr_line' id='line_1_48' title="bbox 234 2729 888 2777; baseline 0.008 -15"><span class='ocrx_word' id='word_1_249' title='bbox 234 2731 355 2777; x_wconf 78' lang='lat' dir='ltr'>optare</span> <span class='ocrx_word' id='word_1_250' title='bbox 384 2732 450 2764; x_wconf 83' lang='lat' dir='ltr'>etc</span> <span class='ocrx_word' id='word_1_251' title='bbox 488 2729 633 2766; x_wconf 79' lang='lat'><strong>11.113.</strong></span> <span class='ocrx_word' id='word_1_252' title='bbox 665 2733 765 2766; x_wconf 83' lang='lat' dir='ltr'>tanto</span> <span class='ocrx_word' id='word_1_253' title='bbox 788 2732 888 2767; x_wconf 71' lang='lat' dir='ltr'>deni-</span> 
     </span>
    </p>
   </div>
   <div class='ocr_carea' id='block_1_15' title="bbox 1465 922 1603 980">
    <p class='ocr_par' dir='ltr' id='par_1_15' title="bbox 1465 922 1603 980">
     <span class='ocr_line' id='line_1_49' title="bbox 1465 922 1603 980; baseline -0.022 -10"><span class='ocrx_word' id='word_1_254' title='bbox 1465 922 1603 980; x_wconf 59' lang='lat' dir='ltr'>Fini«</span> 
     </span>
    </p>
   </div>
   <div class='ocr_carea' id='block_1_16' title="bbox 945 1076 1608 1668">
    <p class='ocr_par' dir='ltr' id='par_1_16' title="bbox 945 1076 1608 1668">
     <span class='ocr_line' id='line_1_50' title="bbox 947 1076 1199 1123; baseline 0 -11"><span class='ocrx_word' id='word_1_255' title='bbox 947 1087 1014 1123; x_wconf 79' lang='lat' dir='ltr'>que</span> <span class='ocrx_word' id='word_1_256' title='bbox 1037 1076 1199 1112; x_wconf 69' lang='lat' dir='ltr'>exercitu.</span> 
     </span>
     <span class='ocr_line' id='line_1_51' title="bbox 946 1123 1605 1169; baseline 0 -10"><span class='ocrx_word' id='word_1_257' title='bbox 946 1125 1035 1159; x_wconf 88' lang='lat' dir='ltr'>tiam</span> <span class='ocrx_word' id='word_1_258' title='bbox 1081 1124 1302 1159; x_wconf 79' lang='lat' dir='ltr'>illustrarunt</span> <span class='ocrx_word' id='word_1_259' title='bbox 1355 1124 1511 1169; x_wconf 73' lang='lat' dir='ltr'>Inter-pp.</span> <span class='ocrx_word' id='word_1_260' title='bbox 1557 1123 1605 1160; x_wconf 76' lang='lat' dir='ltr'>ad</span> 
     </span>
     <span class='ocr_line' id='line_1_52' title="bbox 946 1169 1606 1214; baseline -0.002 -9"><span class='ocrx_word' id='word_1_261' title='bbox 946 1170 1043 1205; x_wconf 89' lang='lat' dir='ltr'>Flor</span> <span class='ocrx_word' id='word_1_262' title='bbox 1074 1171 1101 1204; x_wconf 85' lang='lat'>1.</span> <span class='ocrx_word' id='word_1_263' title='bbox 1143 1170 1201 1204; x_wconf 94' lang='grc'>16.</span> <span class='ocrx_word' id='word_1_264' title='bbox 1241 1170 1276 1204; x_wconf 94' lang='grc'>3.</span> <span class='ocrx_word' id='word_1_265' title='bbox 1318 1171 1401 1214; x_wconf 84' lang='lat' dir='ltr'>Ipsa</span> <span class='ocrx_word' id='word_1_266' title='bbox 1438 1169 1606 1214; x_wconf 78' lang='lat' dir='ltr'>loquendi</span> 
     </span>
     <span class='ocr_line' id='line_1_53' title="bbox 946 1215 1604 1260; baseline 0.002 -10"><span class='ocrx_word' id='word_1_267' title='bbox 946 1217 1064 1253; x_wconf 79' lang='lat' dir='ltr'>forma.</span> <span class='ocrx_word' id='word_1_268' title='bbox 1093 1215 1219 1251; x_wconf 84' lang='lat' dir='ltr'>similis</span> <span class='ocrx_word' id='word_1_269' title='bbox 1245 1215 1300 1250; x_wconf 89' lang='lat' dir='ltr'>illi</span> <span class='ocrx_word' id='word_1_270' title='bbox 1331 1216 1510 1250; x_wconf 82' lang='lat' dir='ltr'>Ciceronis</span> <span class='ocrx_word' id='word_1_271' title='bbox 1539 1227 1604 1260; x_wconf 82' lang='lat' dir='ltr'>pro</span> 
     </span>
     <span class='ocr_line' id='line_1_54' title="bbox 946 1262 1605 1308; baseline -0.002 -11"><span class='ocrx_word' id='word_1_272' title='bbox 946 1263 1034 1308; x_wconf 82' lang='lat' dir='ltr'>Leg.</span> <span class='ocrx_word' id='word_1_273' title='bbox 1067 1262 1195 1297; x_wconf 76' lang='lat' dir='ltr'>Manil.</span> <span class='ocrx_word' id='word_1_274' title='bbox 1228 1262 1286 1300; x_wconf 93' lang='grc'>16.</span> <span class='ocrx_word' id='word_1_275' title='bbox 1317 1263 1377 1308; x_wconf 80' lang='lat' dir='ltr'>qui</span> <span class='ocrx_word' id='word_1_276' title='bbox 1399 1274 1423 1296; x_wconf 89' lang='lat' dir='ltr'>a</span> <span class='ocrx_word' id='word_1_277' title='bbox 1447 1263 1513 1296; x_wconf 83' lang='lat' dir='ltr'>diis</span> <span class='ocrx_word' id='word_1_278' title='bbox 1535 1264 1605 1297; x_wconf 83' lang='lat' dir='ltr'>im-</span> 
     </span>
     <span class='ocr_line' id='line_1_55' title="bbox 947 1304 1605 1347; baseline 0 -5"><span class='ocrx_word' id='word_1_279' title='bbox 947 1304 1150 1343; x_wconf 82' lang='lat' dir='ltr'>mortalibus</span> <span class='ocrx_word' id='word_1_280' title='bbox 1180 1312 1232 1343; x_wconf 81' lang='lat' dir='ltr'>tot</span> <span class='ocrx_word' id='word_1_281' title='bbox 1263 1313 1309 1347; x_wconf 85' lang='lat' dir='ltr'>et</span> <span class='ocrx_word' id='word_1_282' title='bbox 1325 1313 1446 1344; x_wconf 79' lang='lat' dir='ltr'>tantas</span> <span class='ocrx_word' id='word_1_283' title='bbox 1467 1320 1523 1343; x_wconf 80' lang='lat' dir='ltr'>res</span> <span class='ocrx_word' id='word_1_284' title='bbox 1545 1314 1605 1344; x_wconf 82' lang='lat' dir='ltr'>ta-</span> 
     </span>
     <span class='ocr_line' id='line_1_56' title="bbox 948 1354 1605 1399; baseline 0.002 -11"><span class='ocrx_word' id='word_1_285' title='bbox 948 1356 1037 1389; x_wconf 82' lang='lat' dir='ltr'>citus</span> <span class='ocrx_word' id='word_1_286' title='bbox 1072 1354 1216 1389; x_wconf 82' lang='lat' dir='ltr'>auderet</span> <span class='ocrx_word' id='word_1_287' title='bbox 1257 1359 1397 1398; x_wconf 80' lang='lat' dir='ltr'>optare,</span> <span class='ocrx_word' id='word_1_288' title='bbox 1443 1359 1526 1399; x_wconf 80' lang='lat' dir='ltr'>quot</span> <span class='ocrx_word' id='word_1_289' title='bbox 1569 1357 1605 1389; x_wconf 79' lang='lat' dir='ltr'>et</span> 
     </span>
     <span class='ocr_line' id='line_1_57' title="bbox 972 1400 1605 1443; baseline 0.002 -9"><span class='ocrx_word' id='word_1_290' title='bbox 972 1404 1099 1435; x_wconf 79' lang='lat' dir='ltr'>nantas</span> <span class='ocrx_word' id='word_1_291' title='bbox 1161 1400 1213 1434; x_wconf 80' lang='lat' dir='ltr'>dii</span> <span class='ocrx_word' id='word_1_292' title='bbox 1276 1401 1487 1443; x_wconf 71' lang='lat' dir='ltr'>immortales</span> <span class='ocrx_word' id='word_1_293' title='bbox 1554 1401 1605 1437; x_wconf 84' lang='lat' dir='ltr'>ad</span> 
     </span>
     <span class='ocr_line' id='line_1_58' title="bbox 979 1446 1606 1491; baseline 0.002 -11"><span class='ocrx_word' id='word_1_294' title='bbox 979 1459 1012 1480; x_wconf 85' lang='lat' dir='ltr'>u.</span> <span class='ocrx_word' id='word_1_295' title='bbox 1049 1446 1271 1491; x_wconf 84' lang='lat' dir='ltr'>Pompeium</span> <span class='ocrx_word' id='word_1_296' title='bbox 1284 1447 1492 1481; x_wconf 77' lang='lat' dir='ltr'>detulerunt.</span> <span class='ocrx_word' id='word_1_297' title='bbox 1525 1447 1606 1482; x_wconf 80' lang='lat' dir='ltr'>Liv.</span> 
     </span>
     <span class='ocr_line' id='line_1_59' title="bbox 951 1492 1608 1549; baseline -0.002 -21"><span class='ocrx_word' id='word_1_298' title='bbox 951 1492 1097 1528; x_wconf 68' lang='lat' dir='ltr'><strong>XXXV.</strong></span> <span class='ocrx_word' id='word_1_299' title='bbox 1141 1492 1198 1527; x_wconf 79' lang='lat'>31.</span> <span class='ocrx_word' id='word_1_300' title='bbox 1250 1493 1352 1527; x_wconf 77' lang='lat' dir='ltr'>Nihil</span> <span class='ocrx_word' id='word_1_301' title='bbox 1399 1504 1608 1549; x_wconf 81' lang='lat' dir='ltr'>quemquam</span> 
     </span>
     <span class='ocr_line' id='line_1_60' title="bbox 952 1539 1607 1584; baseline 0.002 -11"><span class='ocrx_word' id='word_1_302' title='bbox 952 1540 998 1573; x_wconf 87' lang='lat' dir='ltr'>ab</span> <span class='ocrx_word' id='word_1_303' title='bbox 1045 1539 1113 1574; x_wconf 75' lang='lat' dir='ltr'>diis</span> <span class='ocrx_word' id='word_1_304' title='bbox 1165 1539 1418 1574; x_wconf 73' lang='lat' dir='ltr'>immortalibus</span> <span class='ocrx_word' id='word_1_305' title='bbox 1468 1540 1607 1584; x_wconf 75' lang='lat' dir='ltr'>precari</span> 
     </span>
     <span class='ocr_line' id='line_1_61' title="bbox 945 1585 1606 1632; baseline 0 -12"><span class='ocrx_word' id='word_1_306' title='bbox 945 1596 1064 1631; x_wconf 80' lang='lat' dir='ltr'>posse,</span> <span class='ocrx_word' id='word_1_307' title='bbox 1109 1585 1200 1630; x_wconf 76' lang='lat' dir='ltr'>quod</span> <span class='ocrx_word' id='word_1_308' title='bbox 1232 1590 1302 1620; x_wconf 85' lang='lat' dir='ltr'>non</span> <span class='ocrx_word' id='word_1_309' title='bbox 1336 1587 1526 1632; x_wconf 77' lang='lat' dir='ltr'>Magnetes</span> <span class='ocrx_word' id='word_1_310' title='bbox 1559 1586 1606 1621; x_wconf 89' lang='lat' dir='ltr'>ab</span> 
     </span>
     <span class='ocr_line' id='line_1_62' title="bbox 947 1631 1226 1668; baseline -0.007 -1"><span class='ocrx_word' id='word_1_311' title='bbox 947 1633 1019 1668; x_wconf 80' lang='lat' dir='ltr'>illis</span> <span class='ocrx_word' id='word_1_312' title='bbox 1048 1631 1226 1667; x_wconf 80' lang='lat' dir='ltr'>haberent.</span> 
     </span>
    </p>
   </div>
   <div class='ocr_carea' id='block_1_17' title="bbox 948 1703 1610 2588">
    <p class='ocr_par' dir='ltr' id='par_1_17' title="bbox 948 1703 1610 2588">
     <span class='ocr_line' id='line_1_63' title="bbox 984 1703 1607 1756; baseline 0 -10"><span class='ocrx_word' id='word_1_313' title='bbox 984 1712 1163 1756; x_wconf 79' lang='lat' dir='ltr'>felicitate</span> <span class='ocrx_word' id='word_1_314' title='bbox 1204 1712 1444 1747; x_wconf 77' lang='lat' dir='ltr'>consummari.</span> <span class='ocrx_word' id='word_1_315' title='bbox 1471 1703 1607 1746; x_wconf 70' lang='lat' dir='ltr'>&#39;Ferra-</span> 
     </span>
     <span class='ocr_line' id='line_1_64' title="bbox 948 1757 1608 1794; baseline -0.002 -2"><span class='ocrx_word' id='word_1_316' title='bbox 948 1757 1023 1793; x_wconf 83' lang='lat' dir='ltr'>rius</span> <span class='ocrx_word' id='word_1_317' title='bbox 1057 1758 1103 1792; x_wconf 78' lang='lat' dir='ltr'>ad</span> <span class='ocrx_word' id='word_1_318' title='bbox 1135 1757 1210 1794; x_wconf 86' lang='lat' dir='ltr'>Cic.</span> <span class='ocrx_word' id='word_1_319' title='bbox 1240 1758 1335 1792; x_wconf 85' lang='lat' dir='ltr'>Phil.</span> <span class='ocrx_word' id='word_1_320' title='bbox 1368 1758 1429 1794; x_wconf 87' lang='lat' dir='ltr'>XI.</span> <span class='ocrx_word' id='word_1_321' title='bbox 1461 1757 1496 1792; x_wconf 72' lang='grc'>7.</span> <span class='ocrx_word' id='word_1_322' title='bbox 1518 1758 1608 1792; x_wconf 79' lang='lat' dir='ltr'>haee</span> 
     </span>
     <span class='ocr_line' id='line_1_65' title="bbox 949 1804 1608 1846; baseline -0.002 -8"><span class='ocrx_word' id='word_1_323' title='bbox 949 1805 1136 1839; x_wconf 80' lang='lat' dir='ltr'>observat:</span> <span class='ocrx_word' id='word_1_324' title='bbox 1160 1804 1346 1846; x_wconf 86' lang='lat' dir='ltr'>„Verbum</span> <span class='ocrx_word' id='word_1_325' title='bbox 1370 1813 1608 1839; x_wconf 83' lang='lat' dir='ltr'>consummare</span> 
     </span>
     <span class='ocr_line' id='line_1_66' title="bbox 948 1850 1608 1894; baseline 0.003 -10"><span class='ocrx_word' id='word_1_326' title='bbox 948 1862 1062 1894; x_wconf 79' lang='lat' dir='ltr'>neque</span> <span class='ocrx_word' id='word_1_327' title='bbox 1087 1850 1258 1894; x_wconf 79' lang='lat' dir='ltr'>superior,</span> <span class='ocrx_word' id='word_1_328' title='bbox 1282 1852 1376 1894; x_wconf 84' lang='lat' dir='ltr'>quod</span> <span class='ocrx_word' id='word_1_329' title='bbox 1398 1850 1519 1892; x_wconf 74' lang='lat' dir='ltr'>sciam,</span> <span class='ocrx_word' id='word_1_330' title='bbox 1544 1861 1608 1887; x_wconf 71' lang='lat' dir='ltr'>ne-</span> 
     </span>
     <span class='ocr_line' id='line_1_67' title="bbox 950 1895 1605 1941; baseline -0.002 -10"><span class='ocrx_word' id='word_1_331' title='bbox 950 1908 1020 1941; x_wconf 86' lang='lat' dir='ltr'>que</span> <span class='ocrx_word' id='word_1_332' title='bbox 1050 1896 1226 1931; x_wconf 86' lang='lat' dir='ltr'>Ciceronis</span> <span class='ocrx_word' id='word_1_333' title='bbox 1265 1902 1361 1935; x_wconf 78' lang='lat' dir='ltr'>aetas</span> <span class='ocrx_word' id='word_1_334' title='bbox 1401 1895 1605 1940; x_wconf 56' lang='lat' dir='ltr'>usurpavit}</span> 
     </span>
     <span class='ocr_line' id='line_1_68' title="bbox 950 1941 1609 1987; baseline 0 -11"><span class='ocrx_word' id='word_1_335' title='bbox 950 1942 1042 1987; x_wconf 81' lang='lat' dir='ltr'>quod</span> <span class='ocrx_word' id='word_1_336' title='bbox 1076 1942 1222 1976; x_wconf 78' lang='lat' dir='ltr'>inferior</span> <span class='ocrx_word' id='word_1_337' title='bbox 1252 1947 1350 1977; x_wconf 79' lang='lat' dir='ltr'>aetas</span> <span class='ocrx_word' id='word_1_338' title='bbox 1390 1946 1512 1986; x_wconf 79' lang='lat' dir='ltr'>postea</span> <span class='ocrx_word' id='word_1_339' title='bbox 1544 1941 1609 1976; x_wconf 88' lang='lat' dir='ltr'>tri-</span> 
     </span>
     <span class='ocr_line' id='line_1_69' title="bbox 949 1989 1610 2024; baseline -0.002 -1"><span class='ocrx_word' id='word_1_340' title='bbox 949 1989 1045 2024; x_wconf 83' lang='lat' dir='ltr'>vit.“</span> <span class='ocrx_word' id='word_1_341' title='bbox 1069 1990 1179 2024; x_wconf 84' lang='lat' dir='ltr'>Recte</span> <span class='ocrx_word' id='word_1_342' title='bbox 1201 1989 1273 2022; x_wconf 86' lang='lat' dir='ltr'>hoe</span> <span class='ocrx_word' id='word_1_343' title='bbox 1294 1989 1442 2023; x_wconf 82' lang='lat' dir='ltr'>verbum</span> <span class='ocrx_word' id='word_1_344' title='bbox 1465 1989 1610 2023; x_wconf 82' lang='lat' dir='ltr'>Cicero-</span> 
     </span>
     <span class='ocr_line' id='line_1_70' title="bbox 948 2034 1609 2080; baseline -0.003 -10"><span class='ocrx_word' id='word_1_345' title='bbox 948 2035 1003 2070; x_wconf 86' lang='lat' dir='ltr'>nis</span> <span class='ocrx_word' id='word_1_346' title='bbox 1026 2045 1101 2070; x_wconf 83' lang='lat' dir='ltr'>esse</span> <span class='ocrx_word' id='word_1_347' title='bbox 1123 2037 1250 2080; x_wconf 79' lang='lat' dir='ltr'>negat3</span> <span class='ocrx_word' id='word_1_348' title='bbox 1283 2035 1343 2069; x_wconf 77' lang='lat' dir='ltr'>sed</span> <span class='ocrx_word' id='word_1_349' title='bbox 1366 2038 1485 2077; x_wconf 81' lang='lat' dir='ltr'>errat,</span> <span class='ocrx_word' id='word_1_350' title='bbox 1516 2034 1609 2069; x_wconf 77' lang='lat' dir='ltr'>infe-</span> 
     </span>
     <span class='ocr_line' id='line_1_71' title="bbox 949 2080 1609 2125; baseline -0.005 -8"><span class='ocrx_word' id='word_1_351' title='bbox 949 2081 1037 2117; x_wconf 85' lang='lat' dir='ltr'>riori</span> <span class='ocrx_word' id='word_1_352' title='bbox 1067 2083 1175 2117; x_wconf 83' lang='lat' dir='ltr'>aetati</span> <span class='ocrx_word' id='word_1_353' title='bbox 1206 2080 1382 2123; x_wconf 85' lang='lat' dir='ltr'>tribuens,</span> <span class='ocrx_word' id='word_1_354' title='bbox 1422 2081 1516 2125; x_wconf 80' lang='lat' dir='ltr'>quod</span> <span class='ocrx_word' id='word_1_355' title='bbox 1556 2083 1609 2115; x_wconf 74' lang='lat' dir='ltr'>est</span> 
     </span>
     <span class='ocr_line' id='line_1_72' title="bbox 950 2127 1609 2164; baseline -0.006 0"><span class='ocrx_word' id='word_1_356' title='bbox 950 2130 1089 2164; x_wconf 77' lang='lat' dir='ltr'>a&#39;ureae.</span> <span class='ocrx_word' id='word_1_357' title='bbox 1113 2128 1190 2163; x_wconf 83' lang='lat' dir='ltr'>Liv.</span> <span class='ocrx_word' id='word_1_358' title='bbox 1213 2128 1346 2162; x_wconf 80' lang='lat' dir='ltr'><strong>XXIX.</strong></span> <span class='ocrx_word' id='word_1_359' title='bbox 1364 2127 1422 2162; x_wconf 82' lang='lat'>23.</span> <span class='ocrx_word' id='word_1_360' title='bbox 1453 2128 1509 2162; x_wconf 87' lang='lat' dir='ltr'>Ad</span> <span class='ocrx_word' id='word_1_361' title='bbox 1530 2138 1609 2160; x_wconf 88' lang='lat' dir='ltr'>eam</span> 
     </span>
     <span class='ocr_line' id='line_1_73' title="bbox 950 2175 1609 2227; baseline -0.005 -18"><span class='ocrx_word' id='word_1_362' title='bbox 950 2186 1024 2209; x_wconf 84' lang='lat' dir='ltr'>rem</span> <span class='ocrx_word' id='word_1_363' title='bbox 1080 2175 1383 2210; x_wconf 80' lang='lat' dir='ltr'>consummandam</span> <span class='ocrx_word' id='word_1_364' title='bbox 1433 2175 1609 2227; x_wconf 75' lang='lat' dir='ltr'>profectus</span> 
     </span>
     <span class='ocr_line' id='line_1_74' title="bbox 952 2218 1608 2257; baseline -0.005 -2"><span class='ocrx_word' id='word_1_365' title='bbox 952 2221 1168 2255; x_wconf 79' lang='lat' dir='ltr'>Hasdrubal.</span> <span class='ocrx_word' id='word_1_366' title='bbox 1213 2220 1278 2257; x_wconf 84' lang='lat' dir='ltr'>ubi</span> <span class='ocrx_word' id='word_1_367' title='bbox 1330 2218 1608 2254; x_wconf 79' lang='lat' dir='ltr'>Drakenborchii</span> 
     </span>
     <span class='ocr_line' id='line_1_75' title="bbox 953 2265 1610 2348; baseline -0.005 0"><span class='ocrx_word' id='word_1_368' title='bbox 953 2266 1264 2348; x_wconf 62' lang='lat' dir='ltr'><strong>3¹33?‘³r..¹.¹2³¹¹.³?</strong></span> <span class='ocrx_word' id='word_1_369' title='bbox 1293 2270 1416 2348; x_wconf 50' lang='grc' dir='ltr'><strong>ἔεὲι.</strong></span> <span class='ocrx_word' id='word_1_370' title='bbox 1425 2265 1610 2345; x_wconf 49' lang='lat' dir='ltr'>‘¹32&#39;ssOEss-</span> 
     </span>
     <span class='ocr_line' id='line_1_76' title="bbox 956 2359 1607 2405; baseline -0.006 -10"><span class='ocrx_word' id='word_1_371' title='bbox 956 2365 1092 2405; x_wconf 78' lang='lat' dir='ltr'>metque</span> <span class='ocrx_word' id='word_1_372' title='bbox 1127 2370 1267 2401; x_wconf 77' lang='lat' dir='ltr'>annos,</span> <span class='ocrx_word' id='word_1_373' title='bbox 1322 2359 1384 2392; x_wconf 85' lang='lat' dir='ltr'>sed</span> <span class='ocrx_word' id='word_1_374' title='bbox 1427 2359 1607 2401; x_wconf 85' lang='lat' dir='ltr'>diuturna,</span> 
     </span>
     <span class='ocr_line' id='line_1_77' title="bbox 954 2404 1609 2449; baseline -0.006 -8"><span class='ocrx_word' id='word_1_375' title='bbox 954 2418 1044 2441; x_wconf 77' lang='lat' dir='ltr'>suos.</span> <span class='ocrx_word' id='word_1_376' title='bbox 1067 2404 1191 2439; x_wconf 80' lang='lat' dir='ltr'>Manil</span> <span class='ocrx_word' id='word_1_377' title='bbox 1215 2404 1370 2440; x_wconf 79' lang='lat' dir='ltr'><strong>lv.159.</strong></span> <span class='ocrx_word' id='word_1_378' title='bbox 1391 2405 1609 2449; x_wconf 76' lang='lat' dir='ltr'>numerisque</span> 
     </span>
     <span class='ocr_line' id='line_1_78' title="bbox 954 2451 1608 2496; baseline -0.005 -10"><span class='ocrx_word' id='word_1_379' title='bbox 954 2453 1130 2496; x_wconf 78' lang='lat' dir='ltr'>modisque</span> <span class='ocrx_word' id='word_1_380' title='bbox 1187 2452 1431 2485; x_wconf 67' lang='lat' dir='ltr'>Consummavit</span> <span class='ocrx_word' id='word_1_381' title='bbox 1482 2451 1608 2484; x_wconf 86' lang='lat' dir='ltr'>orbem.</span> 
     </span>
     <span class='ocr_line' id='line_1_79' title="bbox 954 2497 1609 2534; baseline -0.006 -1"><span class='ocrx_word' id='word_1_382' title='bbox 954 2498 1133 2533; x_wconf 79' lang='lat' dir='ltr'>Vitruvius</span> <span class='ocrx_word' id='word_1_383' title='bbox 1155 2498 1183 2532; x_wconf 89' lang='grc' dir='ltr'>Ι.</span> <span class='ocrx_word' id='word_1_384' title='bbox 1207 2499 1242 2534; x_wconf 84' lang='grc'>1.</span> <span class='ocrx_word' id='word_1_385' title='bbox 1278 2498 1345 2532; x_wconf 87' lang='lat' dir='ltr'>Per</span> <span class='ocrx_word' id='word_1_386' title='bbox 1369 2497 1609 2531; x_wconf 76' lang='lat' dir='ltr'>arithmeticen</span> 
     </span>
     <span class='ocr_line' id='line_1_80' title="bbox 955 2544 1610 2588; baseline -0.006 -9"><span class='ocrx_word' id='word_1_387' title='bbox 955 2549 1086 2581; x_wconf 72' lang='lat' dir='ltr'>sumtus</span> <span class='ocrx_word' id='word_1_388' title='bbox 1112 2544 1347 2588; x_wconf 65' lang='lat' dir='ltr'>aedificiorum</span> <span class='ocrx_word' id='word_1_389' title='bbox 1371 2554 1610 2576; x_wconf 84' lang='lat' dir='ltr'>consumman-</span> 
     </span>
    </p>
   </div>
   <div class='ocr_carea' id='block_1_18' title="bbox 933 2589 1606 2630">
    <p class='ocr_par' dir='ltr' id='par_1_18' title="bbox 933 2589 1606 2630">
     <span class='ocr_line' id='line_1_81' title="bbox 933 2589 1606 2630; baseline -0.006 -4"><span class='ocrx_word' id='word_1_390' title='bbox 933 2596 1021 2630; x_wconf 74' lang='lat' dir='ltr'>‚tur.</span> <span class='ocrx_word' id='word_1_391' title='bbox 1055 2590 1141 2624; x_wconf 82' lang='lat' dir='ltr'>Vide</span> <span class='ocrx_word' id='word_1_392' title='bbox 1172 2591 1269 2625; x_wconf 85' lang='lat' dir='ltr'>Voss.</span> <span class='ocrx_word' id='word_1_393' title='bbox 1296 2590 1339 2624; x_wconf 85' lang='lat' dir='ltr'>de</span> <span class='ocrx_word' id='word_1_394' title='bbox 1369 2590 1470 2623; x_wconf 83' lang='lat' dir='ltr'>Vitiis</span> <span class='ocrx_word' id='word_1_395' title='bbox 1495 2589 1606 2622; x_wconf 83' lang='lat' dir='ltr'>Serm-</span> 
     </span>
    </p>
   </div>
   <div class='ocr_carea' id='block_1_19' title="bbox 953 2636 1608 2778">
    <p class='ocr_par' dir='ltr' id='par_1_19' title="bbox 953 2636 1608 2778">
     <span class='ocr_line' id='line_1_82' title="bbox 954 2636 1608 2682; baseline -0.005 -11"><span class='ocrx_word' id='word_1_396' title='bbox 954 2638 1026 2672; x_wconf 81' lang='lat' dir='ltr'>vn.</span> <span class='ocrx_word' id='word_1_397' title='bbox 1055 2647 1137 2682; x_wconf 82' lang='lat' dir='ltr'>pag.</span> <span class='ocrx_word' id='word_1_398' title='bbox 1177 2636 1260 2671; x_wconf 79' lang='lat'><strong>356.</strong></span> <span class='ocrx_word' id='word_1_399' title='bbox 1301 2640 1336 2670; x_wconf 82' lang='lat' dir='ltr'>et</span> <span class='ocrx_word' id='word_1_400' title='bbox 1367 2637 1608 2670; x_wconf 79' lang='lat' dir='ltr'>Bur-mannum</span> 
     </span>
     <span class='ocr_line' id='line_1_83' title="bbox 953 2677 1608 2720; baseline -0.008 -1"><span class='ocrx_word' id='word_1_401' title='bbox 953 2683 1100 2719; x_wconf 86' lang='lat' dir='ltr'>Secund.</span> <span class='ocrx_word' id='word_1_402' title='bbox 1134 2682 1179 2716; x_wconf 81' lang='lat' dir='ltr'>ad</span> <span class='ocrx_word' id='word_1_403' title='bbox 1216 2683 1358 2718; x_wconf 81' lang='lat' dir='ltr'>Anthol.</span> <span class='ocrx_word' id='word_1_404' title='bbox 1393 2683 1471 2720; x_wconf 80' lang='lat' dir='ltr'><strong>Lat.</strong></span> <span class='ocrx_word' id='word_1_405' title='bbox 1495 2677 1539 2717; x_wconf 80' lang='grc' dir='ltr'>Τ.</span> <span class='ocrx_word' id='word_1_406' title='bbox 1561 2680 1608 2718; x_wconf 86' lang='lat'>11.</span> 
     </span>
     <span class='ocr_line' id='line_1_84' title="bbox 953 2727 1145 2778; baseline -0.021 -11"><span class='ocrx_word' id='word_1_407' title='bbox 953 2742 1035 2778; x_wconf 83' lang='lat' dir='ltr'>pag.</span> <span class='ocrx_word' id='word_1_408' title='bbox 1064 2727 1145 2764; x_wconf 80' lang='lat'><strong>258.</strong></span> 
     </span>
    </p>
   </div>
   <div class='ocr_carea' id='block_1_20' title="bbox 1232 1076 1663 1124">
    <p class='ocr_par' dir='ltr' id='par_1_20' title="bbox 1232 1076 1663 1124">
     <span class='ocr_line' id='line_1_85' title="bbox 1232 1076 1663 1124; baseline 0 -12"><span class='ocrx_word' id='word_1_409' title='bbox 1232 1076 1435 1113; x_wconf 78' lang='lat' dir='ltr'>Particulae</span> <span class='ocrx_word' id='word_1_410' title='bbox 1457 1078 1602 1124; x_wconf 76' lang='lat' dir='ltr'>elogau-</span> <span class='ocrx_word' id='word_1_411' title='bbox 1661 1081 1663 1085; x_wconf 76' lang='grc'>’</span> 
     </span>
    </p>
   </div>
  </div>
 </body>
</html>
