1728 3054
239 180 327 222 288

554 173 603 218 G.
632 173 919 219 VELLEII
954 174 1337 221 PATERCULI

382 289 520 338 CAP.
567 289 775 336 CXXXI.
829 290 954 354 Voto
1008 293 1257 338 finiendum

1309 294 1521 341 volumen
1564 296 1629 342 sit.

252 356 425 420 Iupiter
460 359 732 419 Capitoline,
768 365 813 404 et
847 367 1019 418 auctor,
1055 376 1110 408 ac
1144 368 1281 407 stator
1314 363 1511 416 Romani
1543 381 1631 410 no-
1665 403 1671 411 .

247 430 403 484 minis,
447 428 637 488 gradive
682 426 832 484 Mars,
885 436 1305 491 perpetuorumque
1348 439 1496 480 custos
1537 429 1632 480 Ve-

246 504 313 542 sta
345 497 534 558 ignium,
570 503 614 542 et
648 493 864 557 quicquid
900 501 1132 544 numinum
1167 500 1288 547 hanc
1317 502 1513 548 Romani
1545 503 1632 548 im-

244 564 360 628 perii
385 566 575 627 ¹'molem
619 566 663 612 in
707 567 1030 627 amplissimum
1074 575 1294 615 terrarum
1327 567 1457 616 ¹orbis
1505 568 1632 617 fasti—

245 636 375 696 gium
410 636 587 693 extulit,
630 649 712 681 vos
747 632 934 695 publica
967 652 1083 683 voce
1118 639 1321 684 obtestor
1354 646 1491 699 atque
1523 656 1633 701 pre-

246 716 342 760 cor,
378 704 621 760 custodite,
656 711 842 762 servate,
876 703 1107 768 protegite
1137 707 1262 754 hunc
1294 714 1477 765 statum,
1511 705 1634 756 hanc

244 786 433 835 pacem:
468 775 602 833 eique
637 773 796 819 functo
830 775 1090 836 longissima
1124 778 1313 822 statione
1345 775 1525 823 mortali
1548 778 1633 824 de-

246 844 405 888 stinate
439 857 718 890 successores
752 858 891 902 quam
926 845 1192 901 serissimos,
1238 846 1320 891 sed
1366 863 1472 903 eos,
1514 863 1633 906 quo-

244 927 347 958 rum
382 913 580 958 cervices
621 914 715 956 tam
757 913 943 976 fortiter
965 913 1219 959 sustinendo
1253 921 1472 961 terrarum
1507 917 1628 962 orbis

243 981 436 1041 imperio
471 982 718 1038 sufficiant,
764 997 918 1041 quam.
946 982 1078 1029 huius
1106 979 1356 1032 'suffecisse
1397 982 1631 1040 sensimus3

246 1051 523 1111 consiliaque
558 1052 761 1096 omnium
797 1052 961 1098 civium
995 1058 1073 1099 aut
1106 1053 1209 1114 pia,
1245 1050 1315 1087 **

290 1191 392 1231 CAP.
424 1189 585 1231 CXXXI
632 1200 667 1231 et
689 1200 811 1232 stator.
835 1196 906 1231 Ex-

244 1244 354 1288 empl.
395 1246 498 1278 vetus
547 1243 680 1277 habet:
736 1255 778 1277 ac
828 1248 905 1277 sta-

244 1295 312 1325 tor.
351 1290 496 1324 Bumzn.
537 1289 689 1323 Omnino
722 1290 905 1333 probanda

242 1336 392 1371 Puteani
413 1336 651 1379 transpositio:
677 1336 811 1380 Iupiter
835 1336 905 1369 Ca-

241 1383 386 1427 pitoline
410 1389 451 1416 ac
475 1387 605 1424 stator,
631 1387 666 1416 ct
689 1387 809 1415 auctor
831 1382 902 1415 Ro-

244 1429 342 1462 mam·
359 1429 517 1469 nominis,
533 1429 683 1473 gradive
702 1429 811 1463 Mars.
828 1429 906 1462 Ha·-

241 1475 304 1509 bet
326 1475 466 1518 quidem
489 1475 586 1509 Mars
609 1475 792 1509 nonnullos
818 1474 906 1509 titu-

242 1521 298 1555 los
329 1531 412 1555 cum
447 1521 531 1554 Iove
565 1530 787 1564 communes,
827 1525 906 1555 tan-

242 1578 350 1611 quam
373 1568 641 1609 conservatoris,
676 1567 816 1602 victoris
837 1571 905 1601 etc.

244 1614 315 1648 Sed
338 1617 377 1648 ut
407 1625 585 1658 nunquam
613 1614 747 1658 Iupiter
777 1614 905 1659 gradi-

242 1671 326 1704 vus,
367 1660 418 1694 ita
450 1671 629 1704 nunquam
661 1661 760 1694 Mars
794 1664 906 1694 stator

240 1710 401 1740 vocatur.
441 1707 549 1741 Cuius
588 1706 642 1741 rei
679 1710 783 1741 testes
825 1708 906 1741 sunt

241 1753 380 1797 lapides
402 1753 549 1797 antiqui.

289 1805 325 1834 et
348 1801 511 1844 quicquid
530 1799 708 1835 numinum
731 1799 821 1833 hanc
833 1797 906 1832 Ro-

241 1846 341 1879 mani
362 1847 499 1890 imperii
520 1847 644 1880 molem
661 1849 726 1880 etc.
746 1845 906 1888 Exempl.

242 1895 420 1926 vetustum
451 1892 500 1926 sic
523 1892 651 1926 habet.
686 1897 720 1926 et
733 1890 905 1937 quicquid

241 1939 418 1972 nominum
464 1939 573 1972 honor
620 1939 713 1972 omm'
766 1938 906 1983 imperii

241 1986 366 2019 molem
389 1985 427 2018 in
450 1985 700 2029 amplissimum
731 1987 797 2018 etc.
832 1985 906 2018 Bn-

241 2041 331 2067 ιιιιιι.
356 2031 550 2068 Rhenanus
572 2043 615 2068 ex
636 2031 820 2077 inquinata
841 2039 905 2066 ve-

971 1189 1056 1232 teris
1080 1190 1218 1232 Codicis
1238 1192 1422 1241 scriptura,
1438 1206 1557 1252 quam
1558 1196 1631 1232 Bu-

970 1243 1084 1277 rerius
1107 1243 1278 1287 prodidit,
1312 1244 1491 1288 ingeniose
1513 1238 1632 1278 elicuit

970 1289 1289 1325 commodissimam
1303 1290 1512 1325 lectionem·
1500 1313 1512 1333 ‚
1524 1300 1632 1334 quam

969 1336 1069 1380 sequi
1090 1347 1162 1371 non
1183 1336 1353 1371 dubitavi.

1017 1427 1108 1461 hanc
1138 1438 1273 1473 pacem.
1316 1427 1402 1462 Post
1429 1426 1496 1462 has
1527 1435 1632 1461 voces

972 1473 1141 1508 excidisse
1172 1474 1328 1516 videtur,
1373 1474 1463 1508 hunc
1501 1474 1632 1517 princi-

969 1531 1071 1565 pem,
1096 1524 1134 1554 ut
1156 1520 1294 1564 Lipsius
1316 1520 1523 1564 suspicatur.
1559 1519 1632 1553 Mi-

971 1566 1067 1600 nime
1098 1570 1215 1601 autem
1250 1566 1430 1610 probanda
1463 1569 1515 1599 est
1536 1565 1631 1600 ratio

971 1612 1098 1655 Vossii,
1121 1614 1209 1647 hanc
1222 1622 1345 1658 pacem
1368 1613 1404 1646 in
1427 1611 1516 1646 hunc
1534 1612 1632 1656 prin-

972 1660 1106 1703 cipem,
1153 1663 1215 1694 aut
1260 1658 1458 1700 Perizonii,
1507 1659 1632 1693 eadem

971 1706 1082 1740 verba
1111 1705 1149 1739 in
1182 1706 1272 1740 hunc
1299 1705 1420 1739 ducem
1451 1705 1631 1739 mutantis.

972 1752 1065 1786 Nam
1102 1752 1197 1796 apud
1230 1751 1435 1795 scriptores,
1475 1751 1536 1795 qui
1566 1751 1630 1785 suh

972 1798 1181 1833 Caesaribus
1220 1798 1403 1841 vixerunt,
1446 1808 1519 1842 pax
1558 1797 1632 1831 Ro-

972 1855 1080 1878 mana
1111 1839 1238 1878 dicitur
1269 1855 1335 1889 pro
1371 1843 1519 1886 imperio
1553 1844 1631 1877 Ro-

972 1902 1090 1925 mano.
1124 1890 1241 1925 Tacit.
1267 1889 1539 1926 Anu.X11.33.
1569 1889 1630 1934 qni

966 1948 1092 1982 pacem
1131 1942 1287 1971 nostram
1317 1936 1525 1970 metuebant
1567 1934 1631 1977 ubi

970 1984 1062 2018 hanc
1084 1983 1258 2017 notionem
1281 1983 1425 2026 pulcre,
1454 1986 1495 2018 ut
1526 1974 1627 2024 solet,

969 2029 1121 2075 explicat
1144 2027 1356 2066 Gronovius

435 2372 824 2432 BEATUS
884 2371 1450 2432 RHENANUs.

698 2493 991 2537 merom
1036 2495 1080 2538 S.
1117 2494 1165 2536 D.

336 2617 369 2654 0
393 2620 603 2656 vetustatem
627 2619 941 2664 consumptricem!
975 2617 1048 2654 imo
1078 2616 1198 2663 potins
1211 2646 1223 2662 ,
1256 2627 1279 2654 o
1309 2608 1496 2654 hominum
1526 2614 1628 2651 incu-

237 2674 351 2711 riam!
383 2687 467 2712 nam
497 2680 614 2713 utram
647 2677 765 2723 magis
789 2688 970 2720 accusem,
1002 2677 1106 2720 plane
1138 2675 1265 2711 dubius
1299 2686 1388 2712 sum.
1434 2674 1512 2711 Non
1541 2673 1629 2709 sutis

239 2736 318 2771 erat
349 2733 567 2772 Latinissimi
605 2734 803 2782 scriptoris
825 2733 1054 2772 utilissimum
1085 2746 1173 2781 opus
1204 2732 1306 2771 initio
1340 2744 1404 2772 suo
1435 2735 1628 2775 nuncasse,

1290 2900 1297 2926 ⁸
