1728 3054
96 718 580 832 Norl'rlA
676 765 1471 827 LITTERARIA

739 910 814 947 DE

240 1028 295 1080 e.
339 1028 670 1079 VELLEIO
722 1027 1194 1099 PATERctJlfo
1235 1010 1285 1090 ³*)

767 1325 803 1369 L

324 1400 396 1465 ni}
440 1426 656 1465 opums
702 1427 930 1474 vanum
974 1427 1199 1465 mooun.

101 1522 274 1586 opums
307 1543 460 1585 velleii
494 1544 636 1584 index:
674 1542 896 1584 Historiae
928 1544 1147 1585 Romanae
1181 1542 1240 1584 ad
1268 1541 1328 1584 M.
1361 1541 1476 1583 Vim·-

103 1602 213 1642 ct'nm
242 1601 452 1641 consulem
479 1600 605 1640 Libra·
626 1599 685 1641 II.
722 1601 795 1640 sub
837 1613 916 1652 quo
954 1614 978 1640 a
1005 1602 1132 1641 Beato
1168 1599 1365 1640 Rhenano
1391 1600 1477 1653 pri-

101 1670 211 1697 mum
234 1658 386 1698 editum
414 1661 498 1708 est,
536 1657 601 1697 vel
627 1654 794 1710 singulis
824 1656 986 1709 quidem
1016 1657 1177 1698 Codicis
1205 1658 1384 1709 paginis,
1412 1656 1478 1712 rel

101 1714 195 1754 libri
225 1714 389 1753 alterius
418 1713 531 1752 initio
567 1714 885 1766 superscriptus,
924 1714 999 1753 sed
1027 1727 1052 1753 a
1079 1714 1329 1765 grammatici
1353 1726 1480 1758 manu

102 1771 320 1818 cuiusdam,
350 1769 541 1809 ambitum
571 1769 754 1821 opusculi
781 1769 892 1808 haud
918 1768 1079 1821 penitus
1105 1764 1403 1822 perspicientis,
1435 1773 1479 1810 et

100 1840 126 1867 a
161 1827 311 1880 potiori
346 1829 580 1876 argumento
619 1824 719 1864 illud
756 1825 1025 1875 dimetientis,
1061 1826 1264 1880 praefixus
1294 1839 1388 1866 esse
1418 1826 1478 1867 vi-

101 1883 232 1924 detur.
261 1881 465 1923 Velleium
494 1882 601 1921 enim
633 1894 715 1921 non
737 1882 920 1935 proxime
949 1882 1246 1932 Romanorum,
1274 1883 1350 1923 sed
1377 1895 1481 1938 quo-

102 1953 182 1992 que
219 1943 450 1979 exterorum
483 1951 551 1978 res
589 1951 663 1991 pro
695 1938 830 1990 operis
869 1940 1046 1992 suscepti
1080 1939 1247 1979 modulo
1286 1953 1479 1994 persecu-

102 2001 188 2036 tum
217 2008 330 2044 esse,
365 2005 416 2034 ex
443 1994 588 2047 prioris
614 1993 709 2034 libri
737 1995 976 2047 fragmentis
1013 2000 1190 2048 apparet.
1248 1995 1353 2036 Nam
1385 1989 1479 2037 cum

104 2052 240 2092 statim
269 2053 318 2092 ab
346 2051 483 2101 initio,
516 2057 705 2102 quantum
735 2055 944 2104 superest,
976 2051 1141 2104 incipiat
1167 2051 1266 2092 inde
1296 2066 1321 2093 a
1350 2052 1480 2093 Grae·

103 2109 191 2148 ciae
217 2112 310 2161 post
337 2107 485 2146 Troiae
518 2107 717 2146 excidium
747 2107 910 2148 fortuna
939 2112 982 2148 et
1008 2106 1360 2158 vicissitudinibus,
1390 2122 1479 2150 eas-

105 2176 184 2216 que
212 2165 440 2211 continuet,
476 2162 716 2203 intermixtis
745 2176 818 2203 suo
846 2164 938 2205 loco
976 2169 1019 2205 et
1044 2169 1253 2218 tempore,
1289 2178 1392 2217 quae
1427 2166 1481 2206 ad

104 2221 309 2262 civitatum
336 2220 401 2259 vel
429 2219 676 2271 Italicarum,
706 2216 759 2274 (1.
788 2225 827 2263 1.
855 2224 895 2262 4.
924 2219 986 2274 7.)
1016 2222 1081 2262 vel
1110 2222 1394 2271 barbararum,
1424 2220 1480 2277 (I.

104 2280 145 2321 2.
173 2275 235 2333 6.)
274 2277 448 2328 origines
483 2276 732 2327 pertineant,
766 2289 894 2328 usque
934 2278 986 2318 ad
1021 2278 1145 2318 Urbis
1186 2275 1375 2318 conditae
1414 2291 1486 2324 ae-¹

105 2338 253 2384 tatem,
297 2347 320 2374 a
358 2346 435 2384 qua
470 2332 565 2371 inde
603 2332 746 2383 ingens
783 2333 926 2373 lacuna
962 2333 1107 2386 prioris
1147 2335 1240 2374 libri
1268 2334 1482 2390 maximam

106 2394 287 2443 partem,
321 2389 562 2442 longamque
598 2401 735 2428 rerum
781 2394 824 2428 et
862 2403 1054 2430 annorum
1092 2392 1264 2439 seriem,
1302 2391 1353 2430 ad
1382 2390 1483 2432 Pen-

108 2458 223 2485 seum
258 2458 385 2497 usque
414 2445 680 2484 Macedoniae
717 2458 858 2497 regem
897 2459 932 2486 a.
972 2447 1022 2487 U.
1050 2447 1096 2488 C.
1134 2450 1232 2490 586.
1268 2447 1485 2499 devictum,

108 2501 263 2542 hausit:
291 2501 498 2555 probabile
527 2505 605 2554 est,
632 2500 835 2543 Velleium
865 2503 989 2561 totius
1019 2504 1130 2546 orbis
1158 2503 1332 2557 antiqui,
1359 2503 1486 2559 inpri-

134 2733 145 2740 φ
203 2688 244 2731 ⁶)
274 2688 325 2722 Ex
353 2689 404 2725 Io.
438 2689 567 2740 Christ.
603 2690 713 2727 nour.
748 2692 892 2729 Krausii
924 2693 1190 2739 Prolegomeuiu
1224 2695 1271 2731 ad
1300 2687 1488 2733 edifiouan

113 2733 239 2768 welleii
268 2734 354 2769 min.
374 2745 457 2782 pag.
479 2736 573 2772 xvl.
596 2747 690 2782 seqq.
1176 2786 1217 2828 G
