1728 3054
263 241 320 282 10

261 345 339 398 1110
371 353 428 396 ab
469 344 694 408 Hercule,
740 352 958 413 Hippotis
994 349 1150 412 filius,-

551 238 600 279 C.
634 235 933 281 VELLEH
956 237 1380 284 PATERGULL

1190 354 1459 403 Corinthum
1470 390 1484 414 ‚
1527 359 1644 419 qnae
1696 418 1711 425 l

260 426 390 466 antea
415 421 563 465 fuerat
596 421 789 482 Ephyre
804 455 817 478 ,
853 423 1044 469 claustra
1069 424 1374 484 Peloponnesi
1411 429 1644 474 continen-

257 496 374 545 tem,
417 489 463 533 in
503 489 676 536 Isthmo
719 492 935 537 condidit.

1006 494 1168 552 Neque
1203 500 1292 551 est,
1339 497 1464 554 quod
1503 497 1642 542 mire-

256 573 358 602 mur
386 558 445 602 ab
473 559 680 605 Homero
710 562 930 605 nominari
958 561 1242 610 Corinthum.
1311 564 1428 610 Nam
1455 581 1510 610 ex
1532 580 1643 626 per-

256 641 366 671 sona
393 632 559 708 poetae
593 635 639 674 et
665 629 786 676 hanc
813 631 997 689 urbem,
1034 638 1077 677 et
1110 632 1330 690 quasdam
1368 634 1528 679 lonum
1558 649 1642 680 co-

254 695 438 742 Ionias
425 698 478 742 1is
507 699 759 745 nominibus
790 700 1017 760 appellat,
1059 703 1219 760 quibus
1248 704 1525 749 vocabantur
1561 719 1642 750 ae-

252 770 347 833 tate
370 765 489 829 eiust,
526 769 668 813 multo
695 775 799 830 post
826 770 960 814 Ilium
985 778 1169 837 captum
1197 771 1419 818 conditae.

354 834 529 882 CAP.
574 838 655 883 lv.
724 838 1019 885 Athenienses
1063 840 1108 884 in
1157 839 1350 886 Euboea
1399 841 1639 897 Chalcida,

251 903 476 949 Eretriam
507 907 681 952 colonis
713 922 1022 967 occupavere:
1066 909 1420 955 Lacedaemonii
1451 912 1497 954 in
1532 911 1639 956 Asia

250 972 552 1034 Magnesiam.
621 977 722 1022 Nec
754 978 898 1021 multo
929 982 1036 1038 post
1065 977 1412 1037 Chalcidenses,
1447 980 1556 1037 orti,
1589 983 1639 1024 ut

245 1106 300 1141 Cl·
335 1106 536 1142 Ernestum.
578 1108 632 1153 Ap
633 1109 682 1144 1111
711 1109 832 1145 Tzetz.
863 1110 943 1145 ad

241 1152 423 1208 Lycophr.
460 1153 565 1189 1388.
607 1157 702 1190 male
745 1157 910 1191 scribitur

241 1194 413 1280 Ιππῖτας
442 1197 464 1236 ὁ
495 1196 642 1247 Ἀλήτης
664 1213 729 1247 pro
746 1198 909 1239 Ιππότα

213 1265 216 1270 -
245 1258 267 1282 ο
289 1242 321 1281 ’A

293 1293 448 1329 claustra
472 1292 698 1338 Peloponnesi
729 1296 907 1330 continen-

243 1342 329 1374 tem.
366 1339 579 1384 Interpretes
621 1342 668 1375 ad
711 1341 749 1374 11.
784 1342 810 1376 1.
844 1353 909 1376 va-

242 1383 309 1420 riis
337 1385 451 1420 modis
479 1387 607 1421 vexant
638 1387 786 1421 verbum
827 1399 909 1422 con-

243 1432 422 1467 tinentem.
446 1432 568 1467 Davis.
590 1433 636 1466 ad
669 1434 770 1468 Caes.
796 1434 840 1468 de
862 1435 909 1470 Β.

246 1478 486 1513 G.v11.11.
520 1479 673 1523 explieat
702 1480 908 1526 contingen-

243 1529 336 1567 tem,
373 1524 633 1570 significatione
679 1526 815 1561 Latinis
851 1527 907 1562 in-

243 1571 390 1612 andita3
429 1583 494 1606 nec
533 1573 660 1606 melius
701 1573 907 1608 Oudendor-

240 1617 323 1662 pins
345 1594 619 1662 amplectentem.
653 1619 808 1654 Velleius
830 1620 905 1655 sine

241 1664 351 1699 dubio
393 1664 551 1709 scripsit.
605 1666 764 1700 claustra
805 1666 904 1700 Pelo-

238 1711 386 1765 ponnesi
439 1723 482 1745 ac
536 1714 751 1747 continentis.
809 1714 904 1757 quod

240 1757 350 1792 etiam
372 1758 611 1792 Burmanno'
599 1770 636 1792 111
659 1762 813 1793 mentem
843 1771 904 1793 ve-

239 1802 304 1837 nit.
334 1801 583 1848 Peloponnesus
606 1805 794 1849 opponitur
816 1817 898 1839 con-

239 1850 389 1891 tinenti,
427 1850 464 1884 id
496 1855 566 1892 est,
600 1851 781 1894 Achaiae,
828 1852 903 1886 sive

237 1895 412 1931 Graeciae
471 1900 570 1931 extra
614 1898 902 1941 Peloponnesum.

238 1942 334 1987 [Sed
373 1943 572 1987 praeferam
621 1944 900 1978 emendationem

236 1989 309 2023 viri
353 1988 391 2023 in
428 1988 486 2022 his
524 1989 653 2024 litteris
691 1991 901 2025 excellenter

236 2035 391 2078 versati,
431 2035 528 2070 Persi
560 2036 761 2071 Fonteinii:
801 2038 898 2071 clan—

237 2087 314 2117 etm
338 2083 561 2126 Peloponnesi
582 2094 605 2116 a
625 2084 837 2125 continente,
863 2084 899 2117 id

234 2126 309 2170 est,
333 2130 642 2173 propugnaculum
667 2130 899 2174 Peloponnesi

234 2175 404 2219 adversus
438 2175 597 2210 Achaeos
628 2187 650 2210 a
681 2181 787 2220 parte
816 2187 899 2211 con-

233 2221 386 2257 tinentis.
410 2222 463 2255 Ex
485 2222 589 2267 Α1111.]

281 2269 384 2303 CAP.
397 2269 455 2302 IV.
479 2271 511 2311 §.
537 2269 570 2302 1.
597 2268 784 2312 Chalcida,
805 2269 896 2304 Ere-

233 2315 354 2350 triam.
377 2315 501 2349 Editor
528 2315 641 2350 Basil.
669 2315 816 2350 inseruit
837 2327 897 2350 co-

233 2362 357 2405 pulam
395 2366 440 2396 et.
472 2362 518 2396 At
551 2361 603 2395 sic
637 2361 745 2396 etiam
777 2363 804 2396 Ι.
837 2363 895 2397 14.

234 2408 451 2450 Ariminum,
498 2408 735 2443 Beneventum
785 2410 897 2444 colom‘

230 2454 341 2488 missi.
381 2454 689 2501 11.20.Mario,
729 2456 892 2500 Sulpicio.

232 2500 321 2534 ibid.
345 2502 572 2542 auctoritate,
597 2503 733 2556 gratia.
758 2503 811 2535 De
834 2513 893 2535 co-

230 2547 318 2590 pula
341 2547 431 2582 inter
453 2548 522 2581 duo
538 2547 761 2583 substantiva
783 2548 893 2582 omis-

231 2604 273 2627 sa
295 2593 377 2628 vide
398 2594 575 2628 Drakenb.
600 2595 646 2628 ad
667 2595 745 2629 Liv.
769 2595 795 2629 1.
809 2595 866 2631 59.

244 2651 249 2654 ·
277 2639 316 2672 in
352 2640 473 2674 Asiam
507 2653 550 2674 ac
575 2641 742 2676 .Nesiam.
779 2641 889 2683 Alias,

231 2684 412 2720 Moesiam.
457 2688 628 2722 Rnnnsn.
673 2687 890 2722 Foedissimo

229 2732 356 2766 mendo
403 2733 496 2768 Edit.
529 2746 582 2778 pr.
623 2735 661 2767 in
692 2735 816 2769 Asiam
845 2746 889 2768 ac

230 2778 398 2821 Nasium,
439 2780 533 2823 quod
580 2781 703 2816 Editor
753 2779 888 2823 BasiL,

975 1109 1037 1144 vix
1067 1110 1174 1146 litera
1201 1113 1358 1167 mutata,
1396 1110 1549 1146 feliciter
1585 1110 1638 1146 sic

975 1158 1196 1192 emendavit·
1226 1159 1264 1192 in
1288 1159 1374 1192 Asia
1397 1158 1636 1214 Magnesiam.

974 1204 1135 1248 Quatuor
1166 1204 1372 1260 Magnesiae
1410 1205 1447 1239 in
1477 1207 1636 1239 veterum

974 1250 1209 1285 monumentis
1239 1251 1481 1295 reperiuntur,
1517 1251 1635 1285 '-I*hes

973 1297 1107 1339 saliae,
1150 1298 1300 1339 Cretae,
1344 1297 1474 1342 duplex
1517 1297 1634 1339 Asiae,

976 1343 1035 1380 ad,
1045 1343 1228 1388 Sipylum,
1260 1348 1295 1378 et
1316 1343 1361 1377 ad
1388 1344 1634 1380 Maeandrum.

974 1389 1149 1423 Cretensis
1178 1393 1253 1424 tam
1278 1390 1434 1425 'obscura'
1462 1390 1635 1424 memoria

975 1438 1048 1477 est,
1070 1438 1110 1469 nt
1130 1436 1180 1470 Io.
1204 1435 1375 1478 Mem-sii,
1407 1447 1526 1471 omnes
1549 1437 1634 1470 Cre—

974 1484 1035 1515 tae
1066 1482 1173 1515 urbes
1201 1481 1432 1524 recensentis,
1470 1481 1634 1517 notitiam

973 1527 1118 1572 fugerit.
1152 1527 1217 1562 Bis
1248 1527 1322 1563 eius
1344 1528 1505 1563 meminit
1529 1529 1632 1563 Plato

973 1574 1018 1607 de
1041 1574 1153 1620 Legg.
1176 1575 1265 1609 v.111
1300 1586 1382 1621 p.ag
1404 1574 1488 1615 (150.
1520 1575 1564 1611 F.
1598 1578 1633 1610 et

970 1619 1031 1656 lx.
1065 1632 1148 1666 pag.
1177 1620 1260 1656 654.
1293 1622 1342 1656 Η.
1374 1621 1436 1656 ubi
1469 1621 1634 1656 Scholia-

969 1670 1040 1701 stes
1073 1667 1153 1703 MS.
1188 1668 1412 1713 Μαγνησία,
1453 1665 1558 1709 πόλις
1590 1666 1632 1703 ἐν

970 1710 1133 1761 Κρήτῃ,
1199 1715 1398 1751 Θεσσαλων
1458 1712 1630 1755 ἄποικος.

969 1761 1069 1794 Adde
1102 1761 1280 1796 Cononem
1319 1762 1458 1796 Narrat.
1500 1760 1559 1797 29.
1595 1765 1631 1797 et

968 1806 1221 1850 Apollodorum
1270 1809 1366 1853 apud
1418 1808 1546 1842 Tzetz.
1582 1808 1629 1843 ad

968 1853 1147 1897 Lycophr.
1193 1854 1276 1888 902.
1352 1854 1401 1888 Ut
1454 1854 1629 1890 Cretensis

967 1899 1154 1953 Magnesia
1184 1896 1428 1941 Thessalicae,
1472 1899 1524 1934 sic
1547 1901 1628 1934 Mn—

966 1945 1090 1990 gnesia
1120 1947 1165 1980 ad
1195 1946 1428 1981 Maeandrum
1457 1946 1630 1982 Cretensis

966 1995 1003 2025 et
1026 1991 1256 2027 Thessalicae
1277 1993 1417 2028 colonia
1443 1993 1524 2027 fuit.
1564 1993 1626 2027 Vi-

967 2038 1010 2072 de
1041 2038 1204 2073 Strabon.
1238 2040 1331 2074 Xill.
1361 2050 1444 2084 pag.
1476 2039 1560 2074 943.
1590 2042 1626 2075 et

965 2083 1083 2119 Schol.
1121 2086 1281 2129 Apollon.
1315 2086 1434 2120 Rhod.
1473 2086 1503 2120 Ι.
1541 2084 1624 2120 584.

964 2131 1096 2164 Verum
1119 2143 1201 2166 cum
1225 2132 1316 2166 duae
1345 2133 1449 2166 urbes
1469 2132 1540 2166 hoc
1560 2143 1625 2166 no-

965 2177 1061 2211 mine
1081 2177 1119 2211 in
1142 2178 1225 2213 Asia
1247 2178 1397 2221 fuerint,
1431 2178 1625 2221 dubitatur,

963 2226 1044 2257 ntra
1075 2224 1112 2257 in
1135 2224 1269 2259 Velleio
1293 2225 1338 2259 sit
1363 2224 1594 2270 intelligenda

964 2270 1041 2304 Viri
1063 2271 1157 2305 docti
1186 2271 1261 2306 iam
1289 2271 1371 2305 inde
1392 2282 1415 2306 a
1438 2271 1624 2316 Scaliger-o

962 2317 1079 2351 Anim.
1102 2318 1146 2351 ad
1171 2318 1297 2352 Euseb.
1321 2328 1404 2363 pag.
1427 2316 1485 2351 59.
1507 2317 1546 2351 in
1566 2318 1622 2351 di-

961 2374 1064 2398 versa
1086 2365 1227 2399 abeunt.
1249 2363 1358 2399 Nobis
1381 2363 1522 2398 omnino
1542 2364 1622 2399 Vel-

960 2410 1049 2444 leius
1082 2411 1125 2444 de
1167 2410 1352 2456 Magnesia
1391 2410 1436 2444 ad
1476 2410 1621 2446 Maean-

960 2457 1063 2490 drum
1095 2456 1315 2500 accipiendus
1345 2456 1505 2498 videtur,
1537 2469 1619 2492 011111

958 2504 1006 2537 ob
1028 2502 1180 2537 rationes
1206 2514 1229 2537 a
1252 2503 1455 2538 Burmanuo
1476 2503 1618 2546 allatas,

954 2552 1033 2583 tum
1056 2550 1168 2583 multo
1198 2550 1335 2595 magis,
1379 2549 1473 2594 quod
1504 2553 1617 2584 atten-

957 2595 1076 2629 dentes
1125 2596 1162 2629 in
1205 2597 1354 2641 legendo
1397 2596 1617 2631 verissimam

954 2653 1030 2676 esse
1051 2642 1244 2686 reperimus
1274 2642 1478 2678 sententiam
1502 2643 1617 2678 Cella-

956 2687 1003 2722 rii
1027 2690 1159 2734 Geogr.
1183 2689 1262 2724 Ant.
1298 2690 1344 2725 T.
1368 2690 1413 2726 11.
1445 2700 1530 2734 pag.
1555 2689 1614 2723 78.

957 2735 1119 2770 omnibus
1142 2736 1216 2769 fere
1238 2736 1347 2778 locis,
1370 2735 1432 2770 ubi
1463 2737 1614 2780 Magne—

955 2782 1010 2817 sia
1039 2781 1114 2816 sine
1154 2782 1363 2828 cognomine
1398 2793 1612 2819 commemo-
