1728 3054
227 173 312 213 2⁰2

531 169 578 210 0.
608 168 894 211 VELLEII
934 169 1327 215 PATERVGULI

232 298 329 328 sum
373 287 553 338 tenens,
596 281 914 342 cothurnisque
957 285 1205 330 succinctus
1223 316 1237 341 9
1289 299 1442 346 curru,
1483 289 1606 334 velut

232 351 370 395 Liber
405 351 560 404 Pater,
607 357 759 396 vectus
794 358 909 397 esset
942 353 1251 399 Alexandriae.

370 417 503 463 CAP.
541 419 792 469 LXXXIII.

854 422 1002 466 Inter
1019 422 1141 468 hunc
1177 427 1439 483 apparatum
1483 424 1604 479 belli,

231 486 426 532 Plancus
469 502 560 531 nou
611 488 778 534 iudicio
830 484 952 535 recta
997 489 1204 551 legendi,
1266 507 1411 550 neque
1453 507 1605 536 amore

221 550 343 614 reip.
385 561 460 600 aut
501 556 701 601 Caesaris
740 558 960 621 (quippe
983 559 1100 605 haec
1145 575 1320 620 semper
1361 561 1605 620 impugna-

229 624 341 684 bat)
385 624 466 669 sed
499 626 662 670 morbo
707 627 940 687 proditor,
994 644 1098 675 cum
1134 629 1288 674 fuisset
1331 628 1604 674 humillimus

203 737 210 742 .,
229 699 472 745 assentator
501 695 707 755 reginae,
751 702 796 741 et
810 688 950 741 infra
981 712 1078 742 serv
1083 713 1132 742 os
1175 696 1334 755 cliens,
1370 713 1471 743 cum
1506 699 1604 743 An·-

227 762 336 806 tonii
365 762 595 823 librarius,
630 779 733 810 cum
767 766 1208 820 obscoenissimarum
1249 782 1398 814 rerum
1432 773 1480 812 et
1522 783 1604 812 au-

223 909 316 956 pag.
342 897 422 934 155.
459 900 499 934 0.
542 901 607 938 καὶ
651 899 882 958 ἐνδυόμενον

223 942 342 981 αὐτόν
358 947 587 991 κροκωτὸν,
623 948 686 984 καὶ
716 945 881 985 ὐποδοιὲ-

221 1004 335 1049 μενον
363 992 576 1035 Σικυώνια,
609 995 786 1031 διατελεῖν
815 993 876 1042 ἆρ’-

220 1037 416 1097 χούμενον.
456 1041 657 1097 Ροιγρβιιιιε
696 1042 735 1075 V.
772 1043 806 1078 3.
841 1043 877 1079 3.

220 1084 420 1142 κροκωτὸν
468 1084 578 1129 §vave
611 1090 876 1146 Ταραντῖνον,

219 1129 549 1190 περιβαλλόμενος
577 1132 757 1181 ηυλησεν,
801 1133 876 1171 ἐκι-

219 1177 402 1223 θάρισεν,
446 1177 653 1227 ὠρχήσατο.
692 1181 755 1215 ubi
794 1193 876 1216 ver-

219 1226 306 1260 bum
339 1224 469 1270 ἐνδύς,
509 1228 603 1272 quod
639 1239 660 1262 e
689 1229 808 1273 glossa
839 1227 876 1262 iu

219 1276 352 1307 textum
374 1274 490 1317 venit,
511 1275 794 1319 ·expungendum
822 1273 878 1310 xri-

221 1320 335 1354 detur.
364 1319 452 1353 Vide
486 1320 643 1358 Perizon.
674 1320 719 1354 ad
742 1318 877 1355 Aelian-

219 1366 261 1399 V.
293 1366 340 1401 H.
375 1366 450 1400 vll.
483 1365 517 1400 9.
552 1366 586 1401 et
618 1365 808 1410 spanhem.
833 1359 878 1400 sid

220 1411 358 1446 callim.
383 1413 430 1447 Η.
454 1412 489 1446 in
512 1412 627 1456 Apoll.
651 1411 706 1446 83.
734 1412 879 1447 Crocota

221 1461 256 1492 et
278 1470 404 1493 corona
427 1458 534 1493 etiam
557 1459 817 1493 confunduntur
840 1458 877 1492 iu

219 1504 319 1549 virg.
350 1504 422 1538 Cir.
455 1505 536 1540 252.
570 1505 632 1539 ubi
665 1506 732 1539 los.
765 1503 877 1538 Scali-

218 1562 284 1596 ger
306 1548 487 1586 verissime
509 1553 615 1597 legit.
651 1552 748 1594 Quae
777 1552 876 1604 prius

221 1599 259 1632 in
288 1598 387 1631 tenui
416 1603 562 1634 steterat
591 1599 764 1632 succincta
799 1601 874 1631 cro-

221 1649 310 1678 cota.
321 1655 384 1688 pro
402 1646 548 1690 vulgata
568 1645 758 1689 scriptura:
780 1645 878 1688 Quae

222 1709 268 1716 —
291 1702 426 1727 corona.
468 1692 572 1727 Hane
600 1690 798 1726 lectionem
815 1702 878 1734 po-

222 1737 332 1771 stulat
367 1737 575 1772 adiunctum
615 1736 878 1784 tenui,quo=1

220 1782 363 1827 proprie
397 1784 441 1816 de
479 1789 617 1819 crocata
651 1783 798 1827 dicitur,
839 1785 879 1819 ut

220 1829 328 1884 paulo
362 1833 441 1863 ante
472 1831 565 1874 apud
589 1829 759 1864 Canixen.
790 1841 878 1874 κρο-

222 1873 343 1915 κωτός
362 1843 563 1931 διαφανής.
585 1875 715 1911 Melius
736 1875 877 1920 quidem

222 1925 364 1956 crocota
395 1924 557 1957 convenit
586 1922 729 1959 mulieri
751 1923 788 1956 in
811 1934 878 1967 pu-

221 1968 356 2005 blicam
376 1969 578 2016 prodeunti,
608 1979 714 2013 quam
737 1967 774 2003 in
797 1969 878 2002 tha-

220 2013 321 2048 lamo
354 2015 513 2060 degenti,
552 2019 593 2049 ut
631 2018 725 2050 recte
761 2017 880 2049 monet

221 2061 356 2104 priscae
386 2061 590 2097 eruditionis
620 2061 656 2096 in
689 2060 882 2104 Germania

221 2107 367 2149 vindex,
417 2108 515 2142 cuius
551 2107 710 2143 amicitia
748 2106 881 2154 gloria,-

222 2165 322 2196 mur,
361 2154 400 2189 C.
435 2155 480 2189 G.
513 2154 685 2199 Heynius.
721 2154 794 2189 Nec
816 2157 879 2190 *ta-

221 2211 301 2234 men
340 2201 472 2236 mirum
511 2200 625 2235 videri
667 2201 791 2242 debet,
837 2199 879 2241 s,i

221 2258 312 2290 quae
342 2247 421 2291 aIiis
449 2247 654 2283 mulieribus
686 2246 791 2282 vestis
824 2246 881 2289 fo-

219 2293 332 2328 rensis
351 2318 361 2335 ‚
407 2293 503 2338 regis
549 2294 645 2328 filiae
691 2292 880 2332 domestica

219 2340 297 2374 fuit.
330 2339 597 2385 Scaligeranam
631 2339 880 2375 correctionem

221 2385 325 2420 etiam
373 2387 539 2430 probavit
592 2386 786 2421 Salmasius
834 2385 879 2420 ad

221 2431 374 2467 Tertuu.
398 2432 491 2475 Pali.
514 2444 599 2479 pag.
625 2432 706 2468 329.

263 2524 505 2569 cothurnisque
553 2526 754 2560 succinctus.
806 2525 880 2559 Re-

216 2581 323 2615 pone:
348 2572 589 2617 cothurnisque
611 2572 785 2606 subnixus.
803 2571 878 2605 Ho-

218 2616 328 2650 ratius
362 2617 405 2650 de
437 2618 477 2651 A.
512 2618 552 2653 P.
587 2617 667 2653 280.
693 2619 741 2652 Et
763 2617 878 2652 docuit

218 2674 455 2707 ‘magnumque
495 2664 609 2709 loqui,
651 2665 814 2709 nitique'
821 2676 876 2697 co-

221 2709 358 2744 thurno.
383 2709 530 2744 Ovidius
548 2711 668 2746 Amor.
678 2711 736 2746 111.
760 2710 794 2754 1.
818 2710 876 2745 31.

948 900 992 941 δα
1015 904 1226 960 tragoedia·
1262 905 1364 950 pictis
1395 904 1516 959 innixa
1547 916 1603 938 co-

947 950 1092 991 warnis.
1117 950 1179 985 ulfi
1203 950 1284 985 vide
1305 951 1414 986 Heius
1400 950 1501 985 «ium.
1527 950 1602 985 Pli-

945 996 1023 1031 nius
1054 998 1118 1032 lx.
1139 997 1252 1042 Epist.
1270 997 1305 1032 7.
1336 998 1431 1034 hanc
1458 1002 1602 1042 tragoe

946 1042 1042 1078 diam
1065 1045 1244 1090 appellare
1268 1041 1379 1086 soleo,
1403 1044 1493 1090 quod
1516 1055 1603 1088 qua-

943 1090 975 1123 si
1008 1091 1205 1133 cothurnis,
1248 1091 1369 1124 illam
1380 1088 1602 1132 comoediam,

943 1137 1034 1181 quod
1056 1137 1181 1183 quasi
1179 1137 1334 1179 socculis,
1358 1138 1556 1179 sustinetur.

987 1205 1088 1239 cAP.
1121 1205 1314 1240 LXXXIII.
1350 1208 1383 1248 §.
1418 1204 1454 1238 1.
1485 1204 1602 1238 morbo

941 1252 1106 1295 proditor.
1131 1252 1293 1286 Imitatur
1314 1252 1514 1285 Ciceronem
1536 1261 1601 1293 pro

945 1298 1081 1331 Cluent.
1093 1297 1158 1332 ..65
1175 1299 1300 1332 mlier
1320 1309 1389 1331 ποιι
1411 1299 1484 1331 iam
1508 1307 1601 1335 mor-

946 1343 999 1385 bo,
1022 1343 1084 1378 sed
1106 1345 1239 1377 scelere
1247 1344 1398 1387 furiosa.
1413 1343 1474 1376 ubi
1491 1343 1601 1377 Grae-

947 1389 1025 1423 vius
1075 1390 1220 1423 laudare
1261 1389 1418 1445 neglexit
1463 1389 1599 1422 Grono-

946 1435 1064 1478 vium,
1095 1436 1190 1469 hanc
1219 1435 1317 1470 vocis
1348 1436 1421 1470 vim
1436 1436 1601 1468 luculen-

944 1485 998 1516 ter
1029 1482 1295 1533 (ιιιΡιίιιιιιιιειιιι,ι
1321 1482 1367 1516 nd
1400 1482 1520 1516 Seuec.
1557 1481 1600 1515 de

943 1528 1223 1563 Benef.1.14.-

945 1595 948 1598 ⁴
990 1598 1202 1641 humillimus
1225 1602 1420 1633 assentator
1441 1598 1607 1643 ιτιξζίιιιιεχ

944 1636 1159 1680 Adiunctum
1187 1643 1419 1691 humillimas,
1439 1649 1486 1678 et
1509 1643 1601 1688 quod

944 1691 1118 1736 sequitur,
1141 1685 1243 1743 iufra
1259 1702 1375 1725 servos
1398 1690 1513 1732 cliens,
1537 1701 1600 1734 po-

943 1738 1098 1783 stulant,
1133 1741 1173 1772 ut
1201 1735 1362 1792 le‘g'atur:
1391 1737 1601 1771 humillimus

944 1763 1136 1823 assectator
1154 1782 1598 1831 reginae.cic.v01·r.11.

943 1831 1000 1865 11.
1041 1842 1117 1864 cum
1155 1831 1199 1864 ab
1239 1842 1282 1865 ea
1322 1830 1462 1876 quidam
1500 1833 1600 1863 vetus

946 1882 1136 1912 assectator
1177 1888 1247 1911 mm
1287 1876 1489 1920 impetraret
1532 1879 1597 1910 etc.

946 1918 1091 1957 Tacitus
1123 1922 1404 1959 Ann.X1.21.
1448 1926 1598 1956 sectator

945 1969 1155 2015 quaestoris,
1185 1967 1242 2002 cui
1266 1969 1387 2012 Africa
1403 1967 1596 2017 obtigerat.

945 2016 1008 2050 ubi
1038 2015 1120 2048 vide
1148 2013 1484 2059 praestantissimum
1520 2014 1598 2048 Er-

944 2066 1092 2103 nestum.
1141 2061 1318 2102 Asseclam
1363 2061 1425 2096 alii
1462 2062 1598 2094 vocant.

945 2108 1102 2145 Iuvenal
1118 2097 1455 2156 Sat-1X.48.ffos
1478 2104 1599 2142 humili

947 2155 1149 2194 adseculae,
1188 2164 1249 2188 vos
1279 2146 1503 2208 indulgebitis
1533 2165 1599 2186 un-

944 2213 1052 2256 quam
1078 2200 1235 2235 Cultori?
1267 2199 1326 2246 qui
1358 2201 1455 2234 Iocus
1481 2210 1598 2232 emen-

947 2247 1120 2282 dationem
1150 2252 1305 2282 nostram
1338 2245 1482 2293 egregie
1515 2256 1598 2278 con-

944 2295 1074 2328 firmat.
1115 2292 1260 2328 Glossae
1300 2291 1405 2328 MSS.
1422 2272 1598 2333 ¹0Assecla,

947 2340 1189 2382 buccellarius,
1206 2351 1336 2378 scurra.
1361 2338 1507 2372 Glossae
1524 2337 1598 2377 edi-

947 2391 1025 2421 tae:
1071 2385 1254 2420 Adsecnla.
1298 2383 1516 2430 παράσιτος.
1555 2383 1596 2418 In

944 2433 1014 2467 hoc
1040 2432 1211 2467 famulatu
1241 2433 1389 2486 Plancus
1416 2431 1520 2464 iudex
1545 2429 1598 2464 le—

946 2484 1020 2514 ctus
1042 2483 1094 2513 est
1120 2478 1333 2525 sponsionis,
1350 2480 1433 2531 'qua
1451 2477 1598 2519 Cleopa

946 2529 1002 2560 tra
1021 2525 1210 2560 Antonium
1238 2522 1459 2571 provocavit,
1483 2523 1598 2557 solam

944 2583 982 2606 se
1006 2570 1142 2606 centies
1169 2571 1251 2610 HS.
1290 2582 1360 2609 una
1391 2580 1498 2609 coena
1534 2569 1598 2602 ab·

943 2621 1161 2659 summram,
1212 2618 1251 2652 ut
1289 2619 1432 2658 narrant
1463 2613 1598 2649 Plinius

943 2665 990 2698 H.
1022 2663 1065 2698 N.
1095 2643 1161 2698 IX.
1193 2662 1252 2698 35.
1281 2667 1316 2701 et
1336 2655 1496 2699 Macrob.
1520 2661 1596 2697 Sat.

941 2709 1064 2746 11.13.
1088 2721 1170 2756 pag.
1193 2710 1274 2747 370.
