1728 3054
211 180 307 220 cxx
352 189 356 192 ·
541 171 821 218 NOTITIA
860 169 1285 215 Ll'r'rmtama

218 303 300 346 qua
336 288 499 343 poetam
535 286 757 328 dictionem
792 287 837 327 et
879 285 1171 326 sententiarum
1218 284 1398 328 colorem
1439 298 1465 327 a
1510 284 1604 327 No·-

222 352 310 388 stro
346 346 570 387 mutuatum
611 355 727 394 esse,
779 341 901 383 facile
947 354 1000 385 ex
1045 342 1256 396 utriusque
1305 344 1604 397 comparatione

223 416 272 448 oo
302 402 497 443 noscitur.¹

275 415 301 457 g
338 456 433 498 Tali
460 469 484 496 a
513 458 743 503 contemtu,
781 464 861 507 quo
887 453 1083 496 laboravit
1111 453 1320 504 Velleius..
1358 468 1464 508 eque
1496 455 1608 497 codi-

226 527 319 559 oum
347 514 435 554 eius
461 513 632 554 raritate
655 511 916 563 intelligitur,
946 525 1042 560 cur,
1077 517 1241 566 praeter
1267 512 1454 562 unicum,
1482 513 1608 565 idque

229 561 418 623 exiguum
454 569 726 622 fragmentum
766 567 873 621 apud
908 568 1101 610 Priscian.
1143 569 1209 611 vl.
1241 580 1333 622 pag.
1361 572 1458 612 wo.
1489 568 1610 624 (Nec

229 629 369 672 minus
397 626 536 670 clarus
565 636 616 670 ea
650 630 895 679 tempestate
909 625 1003 678 fuit
1031 625 1243 666 Miltiadis
1256 626 1400 680 filius,
1432 625 1610 682 Cimon.)

231 684 386 726 nullum
421 682 531 722 aliud
568 687 774 735 repertum
815 682 882 722 sit.
947 682 1052 722 Nam
1080 682 1352 734 fragmentum
1382 683 1435 739 de
1458 684 1613 724 Suevo-

232 754 325 784 rum
353 753 378 780 e
408 739 600 784 Romanis
628 739 812 787 victoria,
843 738 951 790 quod
979 751 1004 778 e
1041 738 1083 778 V
1078 739 1190 781 elleii
1218 738 1417 780 Historia
1446 740 1614 780 Gallica

235 799 474 850 excerptum
510 795 684 848 vulgavit
719 794 871 846 Wolfg.
908 794 1054 835 Lazius
1094 795 1247 836 Comm.
1279 796 1334 836 de
1361 796 1463 850 Rep.
1493 796 1613 839 Rom.

236 853 270 899 1.
300 856 341 896 8.
367 866 450 895 non
478 865 569 892 esse
597 852 759 903 Nostri,
788 852 862 892 sed
889 851 999 904 ‘Galli
1027 851 1258 901 cuiusdam,
1288 852 1357 905 qui
1385 853 1523 893 Caroli
1550 853 1615 895 M.

236 914 373 950 aetate
399 909 628 962 scripserit,
657 909 794 949 docuit
818 909 923 956 iam,
953 913 1115 961 practer
1143 909 1266 959 alios,
1296 909 1347 948 G.
1382 909 1413 951 1.
1443 908 1616 951 Vossius

236 966 292 1008 de
326 966 480 1067 H2is2tor.
517 966 609 1007 Lat.
648 965 685 1007 1.
714 968 784 1015 24.
824 964 945 1008 Conf-
979 965 1272 1014 Bebrio-:Bibh
1301 964 1392 1011 Lat.
1421 965 1538 1014 Tom.
1565 966 1615 1013 11.

236 1035 327 1078 pag.
393 1053 424 1074 ‚.
453 1035 540 1076 seq.
1500 1036 1502 1038 ·

1413 1052 1421 1074 l

892 1190 963 1233 111.

285 1291 351 1335 ne
381 1289 565 1333 vanum.
595 1290 767 1330 comen
781 1315 794 1335 ,
822 1290 1153 1334 ammomum,
1185 1289 1576 1331 rmaarae'rmus

682 1361 754 1412 m&
781 1359 1207 1400 EMENnAToRmus.

355 1463 556 1508 Veterum
592 1464 788 1511 librorum
826 1479 852 1506 e
890 1464 1101 1516 naufragio
1144 1477 1247 1507 unus
1284 1467 1441 1505 tantum
1476 1461 1627 1505 velleii

245 1521 454 1574 codicum,
492 1535 660 1574 quorum
697 1523 747 1564 ab
786 1522 921 1571 initio,
956 1526 1002 1562 ut
1039 1522 1234 1571 vidimus,
1276 1534 1420 1574 magna
1447 1521 1627 1574 paucitas

247 1583 358 1630 erat,
396 1579 585 1624 fortunae
623 1579 823 1619 beneficio
867 1584 1048 1623 servatus
1087 1583 1164 1624 est.
1219 1578 1338 1619 Hunc
1374 1579 1527 1631 prfflus
1565 1578 1629 1618 in.-

247 1635 358 1681 veuit
385 1635 550 1680 Beatus
576 1635 820 1689 Rhenanus,
847 1635 1172 1686 Selestadiensis‚
1199 1635 1281 1684 vir,
1310 1635 1384 1675 sub
1413 1647 1628 1675 renascen-

248 1692 351 1735 tium
383 1692 427 1731 in
454 1691 671 1732 Germania
698 1693 906 1732 literarum
934 1697 1140 1745 tempora,
1171 1692 1423 1741 eruditione,
1451 1691 1630 1743 diligen-

248 1748 308 1789 tia
349 1751 392 1787 et
427 1748 512 1793 fide
550 1749 811 1801 praecipuus,
834 1753 896 1790 .et
930 1754 1112 1789 veterum
1149 1749 1263 1788 libris
1299 1749 1558 1800 proferendis
1588 1751 1631 1788 et

251 1803 514 1846 emendandis
540 1804 648 1851 haud
677 1805 832 1845 infelix.
892 1805 1066 1848 Latebat
1094 1803 1244 1846 Velleii
1275 1817 1376 1857 opus
1415 1817 1544 1856 usque
1578 1803 1632 1843 ad

251 1873 399 1903 annum
439 1863 561 1905 1515.
601 1862 643 1901 in
676 1861 825 1914 pluteis
859 1862 1135 1901 Bibliothecae
1175 1861 1361 1906 coenobii
1398 1861 1632 1901 Benedicti-

252 1929 397 1959 norum
430 1917 735 1967 Murhacensis‚
785 1918 826 1957 in
878 1918 1077 1971 superiori
1113 1917 1268 1958 Alsatia
1316 1916 1396 1961 siti.
1463 1917 1633 1957 Praeter

252 1974 360 2017 hunc
387 1973 568 2013 codicem
608 1974 740 2018 nullus
771 1975 871 2015 alius
898 1979 1087 2027 repertus
1115 1979 1190 2014 est.
1249 1973 1352 2014 Nam
1381 1986 1514 2026 neque
1542 1974 1634 2014 Me·-

253 2030 496 2073 diolanensis
533 2030 630 2080 ine,
680 2031 792 2073 cuius
831 2031 1091 2073 nanciscendi
1129 2043 1243 2083 spem
1290 2030 1439 2081 Georg.
1473 2030 1635 2071 Merula

252 2087 452 2130 Rhenano
479 2091 683 2136 moverat,
712 2101 846 2140 neque
873 2088 930 2137 is,
960 2101 1080 2138 quem
1105 2087 1292 2127 Labbeus
1322 2087 1513 2130 Biblioth.
1532 2087 1632 2128 Nov.

253 2143 355 2185 Mss.
384 2143 426 2182 in
455 2143 698 2190 bibliotheca
727 2145 912 2197 quadam,
939 2144 1044 2184 libro
1073 2145 1200 2196 priori
1228 2145 1401 2197 integro,
1430 2144 1634 2185 inventum

255 2204 470 2249 memorat,
501 2213 673 2252 unquam
701 2202 743 2240 in
775 2201 907 2240 lucem
943 2201 1136 2253 protracti
1165 2205 1272 2240 sunt.

371 2257 485 2308 Quae
511 2258 694 2297 codicum
724 2257 873 2299 Velleii
906 2258 1062 2297 iactura
1099 2258 1141 2301 in
1169 2261 1324 2296 tantum
1353 2255 1527 2297 dolenda
1558 2259 1636 2306 est,

255 2313 297 2353 in
327 2319 517 2365 quantum
557 2314 838 2354 Murbacensis
879 2314 958 2353 iste
996 2314 1100 2354 liber
1142 2314 1370 2359 mutilatum
1410 2318 1453 2352 et
1491 2314 1636 2365 depra-

255 2375 389 2410 vatum
420 2368 619 2413 Velleium
647 2372 763 2411 nobis
794 2371 973 2410 tradidit.
1033 2370 1136 2410 Nam
1165 2371 1214 2410 ab
1244 2370 1357 2409 initio
1386 2374 1429 2409 et
1446 2369 1529 2410 fine
1547 2382 1636 2408 mu,-

257 2426 353 2466 tilus
384 2429 507 2475 erat‚·
529 2428 570 2470 in
599 2428 734 2469 medio
763 2427 953 2479 plurimas
980 2426 1157 2466 habebat
1184 2427 1368 2474 lacunas,
1405 2426 1526 2477 longe
1552 2438 1637 2467 ma.-

258 2483 406 2526 ximam
433 2483 538 2526 libro
565 2483 598 2524 Ι.
639 2485 795 2533 medio,
837 2483 1164 2535 foedissimisque
1203 2483 1308 2522 vitiis
1345 2495 1392 2528 ac
1426 2486 1636 2534 corrupte-

256 2538 307 2578 lis
335 2541 527 2581 scatebat.
583 2539 778 2582 lucidisse
817 2542 924 2582 enim
962 2540 1121 2579 videtur
1157 2539 1200 2581 iu
1228 2539 1433 2579 hominum
1461 2538 1637 2582 incutio.-

258 2607 394 2638 sorum
423 2600 466 2635 et
493 2597 711 2639 insciorum
738 2609 900 2645 manus,
935 2597 1004 2649 qui
1039 2596 1103 2635 vel
1141 2609 1165 2636 a
1199 2596 1280 2635 situ
1317 2608 1410 2635 eum
1446 2608 1528 2638 non
1564 2594 1638 2635 de·-

257 2651 494 2702 fenderent‚
523 2653 587 2693 vel
615 2654 712 2694 folia
741 2653 936 2705 quaedam
970 2666 994 2692 a
1023 2653 1158 2692 fronte
1187 2657 1230 2692 et
1258 2665 1283 2691 e
1310 2652 1468 2701 medio,
1498 2650 1638 2693 nescio

258 2720 360 2760 quus
402 2707 444 2753 in
493 2721 611 2759 usus,
659 2714 907 2758 exsecra-ent,
975 2708 1194 2756 Praeterea
1236 2708 1314 2755 alia
1351 2709 1526 2753 accessit
1562 2708 1638 2752 im-
