1728 3054
309 168 408 206 cxn
525 172 527 175 ·
628 164 898 206 No'rrrlA
950 144 1372 223 mr'ruRAmA

307 276 498 319 mitabt'le
516 275 656 329 operis
683 274 874 316 historica·
891 278 1088 331 praet-ici
1116 281 1334 335 exemplar
1352 287 1584 335 vocantem3
1612 285 1694 328 vid.

308 334 499 374 Memoir.
539 333 593 371 de
630 331 879 373 l’Academie
914 334 990 377 des
1026 335 1155 379 Inscr-
1194 341 1238 378 et
1275 337 1378 381 Bell.
1406 339 1540 384 Lettr.
1570 342 1690 385 Tom.

308 389 498 432 XXVIII.
526 400 618 442 pag.
652 392 751 433 611.
786 402 900 444 seqq.

977 582 1031 628 11.

437 697 439 701 ν
467 678 531 716 BE
563 680 748 718 vermen
779 681 995 730 INGENIO,
1024 682 1244 722 MORIBUS
1276 686 1342 723 ΕΤ
1371 688 1499 725 FIDE.

417 785 532 839 Opus
574 784 724 827 Velleii
766 787 945 828 vindicat
992 800 1090 829 sane
1135 791 1290 831 auctori
1324 791 1500 844 primum
1535 791 1688 845 ingenii

302 843 506 894 quendam
538 843 739 894 vigorem,
785 849 827 884 et
862 846 906 884 in
945 846 1161 898 cogitando
1197 848 1383 902 omnino,
1421 854 1464 890 et
1502 850 1546 890 in
1584 862 1686 890 sen-

303 900 468 950 tiendo,
525 900 720 952 quidquid
759 900 802 941 in
843 914 1001 953 quaque
1039 916 1086 943 re
1117 903 1216 944 insit
1252 917 1334 950 nou
1371 906 1502 946 solum
1535 907 1685 958 magni,

301 957 480 1008 grande,
528 957 783 1009 animumque
814 959 1061 1010 percellens,
1117 960 1355 1002 sedetiam
1394 963 1492 1015 quid
1525 963 1685 1016 pulchri

301 1013 632 1065 atquehonesti,
671 1014 795 1066 idque
828 1028 920 1054 cum
956 1017 1129 1067 quodam
1166 1017 1329 1058 affectu.
1385 1018 1543 1059 Deinde
1574 1019 1686 1060 haud

299 1071 604 1122 inconspicuum
632 1075 697 1110 est
723 1071 875 1122 ingenii
898 1085 1066 1112 acumen
1089 1075 1290 1124 auctoris,
1321 1087 1423 1128 quo,
1452 1089 1554 1128 quae
1579 1076 1683 1116 mul-

298 1127 486 1167 titudinis
511 1126 650 1166 oculos
671 1128 926 1183 animumque
952 1129 1133 1180 fugiunt,
1161 1131 1336 1183 penitius
1364 1133 1586 1187 perspexit,
1616 1133 1683 1174 cui

298 1197 395 1223 vero
433 1196 717 1235 nonnunquam
756 1185 922 1224 nimium
959 1186 1172 1237 indulgens
1206 1187 1259 1227 ad
1299 1189 1546 1240 argutiarum
1585 1190 1681 1231 vitia

298 1241 492 1293 abreptus
521 1244 598 1280 est.
656 1241 772 1281 Hanc
796 1242 948 1294 ingenii
969 1243 1048 1282 vim
1069 1244 1158 1295 ipse
1188 1247 1271 1284 tam
1299 1258 1437 1285 rerum
1470 1247 1680 1300 experien‚

298 1297 377 1346 tia,
414 1296 481 1336 vel
517 1309 568 1336 ex
599 1298 785 1348 antiqua,
823 1298 887 1338 vel
917 1311 970 1337 ex
999 1312 1072 1339 sua
1108 1301 1302 1341 memoria
1339 1302 1510 1352 hausta,
1559 1315 1679 1355 quam

297 1353 503 1403 doctriua,
549 1353 817 1404 antiquiorum
861 1355 991 1394 omnis
1023 1357 1186 1407 generis
1224 1358 1468 1410 scriptorum
1502 1359 1679 1401 lectione

296 1416 552 1462 comparata,
590 1411 824 1452 nutriverat.
895 1412 1073 1462 Quarum
1109 1413 1379 1465 illa„quidem
1419 1428 1512 1456 sese
1547 1417 1679 1469 aperit

294 1467 360 1507 vel
391 1466 674 1516 consiliorum,
704 1480 912 1506 causarum
939 1473 982 1508 et
1011 1468 1251 1509 effectorum
1277 1471 1584 1524 perspicientia,
1611 1473 1677 1514 vel

295 1523 610 1573 sententiarum,
639 1524 783 1575 quibus
810 1525 993 1573 instruit,
1032 1527 1254 1578 sapientia:
1283 1528 1385 1569 haec
1414 1541 1510 1570 vero
1541 1529 1678 1571 elucet

295 1594 346 1620 ex
375 1580 647 1631 antiquitatis,
677 1582 762 1620 sive
782 1581 1052 1631 domesticae,
1082 1583 1166 1623 sive
1194 1588 1381 1634 exterae,
1409 1598 1490 1625 non
1513 1587 1676 1626 univer-

293 1650 366 1676 sae
394 1637 545 1685 solum,
583 1637 657 1676 sed
690 1638 816 1678 etiam
843 1638 885 1677 in
910 1639 1091 1690 partibus
1118 1641 1424 1692 minutioribus,
1454 1643 1557 1683 adeo
1582 1643 1674 1696 phi-

292 1693 641 1745 losophematum,
671 1691 770 1748 (vid.
803 1694 854 1734 11.
886 1699 953 1737 69.
982 1693 1099 1751 123.)
1133 1698 1242 1737 unde
1268 1699 1459 1739 orationis
1494 1699 1673 1740 colorem

293 1749 435 1800 duxit,
472 1750 720 1801 cognitione,
755 1763 887 1801 neque
921 1752 1053 1792 minus
1093 1765 1145 1792 ex
1187 1756 1369 1794 oratione
1408 1756 1460 1795 ad
1499 1757 1672 1809 optimo-

289 1820 383 1848 rum
417 1807 659 1860 scriptorum
686 1807 856 1860 vestigia
890 1820 1092 1860 expressa.
1149 1809 1306 1850 Ex-his
1336 1813 1521 1852 omnibus
1551 1818 1672 1855 enata

289 1877 452 1916 quoque
489 1869 553 1904 est
577 1860 753 1904 auctoris
780 1865 994 1918 prudentia
1023 1870 1105 1906 tam
1133 1870 1228 1919 apte
1258 1867 1457 1920 seligendi
1488 1873 1531 1908 et
1560 1882 1671 1910 com-

287 1921 468 1974 ponendi
499 1921 695 1960 historiae
733 1935 829 1962 suae
862 1929 1117 1974 argumenta,
1165 1937 1291 1976 eaque
1330 1926 1382 1964 ad
1415 1938 1669 1971 commoven-

288 1979 363 2018 dos
393 1978 736 2030 delectandosque
766 1979 940 2019 lectores
969 1981 1204 2033 enarrandi,
1236 1982 1314 2023 'sed
1342 1983 1464 2023 etiam
1495 1984 1667 2023 eircum-

232 2056 238 2062 κ
288 2035 488 2090 spiciendi
519 2035 572 2074 de
604 2035 785 2086 peric-ulo
811 2048 862 2075 ex
888 2049 1012 2087 opere
1038 2050 1130 2088 suo,
1159 2038 1342 2090 inprimis
1369 2053 1394 2079 e
1423 2039 1582 2080 iudiciis
1613 2041 1667 2081 de

284 2093 409 2131 rebus
437 2091 702 2144 personisque
726 2092 965 2144 propositis,
997 2094 1074 2134 sibi
1103 2101 1307 2144 exortui-o,
1335 2097 1596 2150 cavendique,
1613 2110 1666 2138 ne
1703 2134 1708 2146 „

285 2148 498 2190 Tiberium
533 2148 766 2200 aulicosque
796 2149 976 2189 offendat
1002 2155 1123 2202 atque
1149 2152 1294 2191 irritet.

395 2204 460 2245 Ad
492 2204 614 2244 animi
650 2218 746 2245 vero
780 2205 962 2245 indolem
990 2208 1163 2247 auctoris
1195 2208 1303 2260 quod
1334 2208 1499 2258 attinet,
1532 2210 1665 2251 homi·

282 2261 346 2304 nis
376 2274 474 2302 sane
503 2261 650 2314 probi,
687 2262 896 2314 omnisque
923 2263 1149 2304 honestatis
1179 2266 1350 2306 studiosi
1390 2279 1526 2307 mores
1563 2280 1663 2319 prae

282 2331 329 2359 se
356 2318 462 2359 tulit.
520 2317 628 2358 Odit>
656 2330 775 2358 omne
820 2319 959 2368 nefas,
1006 2333 1053 2360 ac
1085 2322 1396 2373 turpitudinem,
1443 2336 1663 2376 severaque

279 2379 377 2415 nota
406 2374 687 2414 animadvertit
712 2376 755 2415 in
781 2375 966 2415 homines
996 2378 1154 2427 magnis
1189 2391 1346 2418 morum
1374 2380 1481 2420 vitiis
1517 2385 1561 2420 et
1588 2382 1662 2422 fla-

276 2433 388 2483 gitiis
410 2432 597 2479 infames,
621 2431 662 2470 in
685 2431 992 2484 sardanapalus,
1013 2433 1181 2485 Marios,
1210 2435 1355 2487 Sullas,
1385 2436 1547 2486 Cinnas,
1566 2437 1661 2477 Clo-

277 2489 368 2529 dios
391 2493 512 2540 atque
537 2487 746 2540 Curiones,
770 2489 984 2529 Antonios-
1001 2489 1267 2542 Plancos'que.
1303 2491 1453 2533 Contra
1484 2493 1527 2533 in
1554 2495 1660 2534 viro-

275 2558 366 2585 rum
393 2557 628 2597 magnorum
653 2546 839 2597 personis
868 2558 949 2585 non
978 2546 1110 2587 solum
1136 2560 1301 2599 magnas
1325 2549 1509 2599 virtutes,
1527 2551 1659 2602 publi-

273 2613 324 2641 ee
358 2603 606 2653 patefactas,
636 2601 708 2643 sed
734 2602 855 2642 etiam
880 2602 1090 2652 mitiores,
1132 2604 1253 2643 animi
1287 2604 1579 2647 humanitatem
1612 2611 1657 2647 et

271 2657 558 2699 liberalitatem
589 2658 809 2710 spirantes,
845 2658 887 2698 in
919 2658 1050 2698 lucem
1087 2660 1295 2713 protraxit.
1353 2662 1494 2702 Mores
1521 2668 1564 2704 et
1594 2663 1656 2703 di-

271 2714 484 2768 sciplinam
522 2714 771 2763 Romanam,
812 2714 990 2767 luxuria,
1027 2717 1213 2771 avaritia,
1251 2719 1458 2772 potentiae
1491 2719 1666 2764 insatia-
