1728 3054
269 169 412 204 cxxvi
585 160 1330 209 NOTlTlArLlTTERARIA
1374 205 1378 209 ,

413 275 540 318 Sexto
559 272 688 324 Rufo,
716 272 896 314 Messala
923 274 1097 316 Corvino
1126 279 1168 315 et
1196 275 1423 329 Eutropio.
1438 275 1536 331 Lug
1540 276 1655 328 duni,

417 328 533 386 apud
564 329 657 369 Seb.
689 329 927 384 Gryphium
958 335 1027 374 12.

277 392 389 442 1560
418 389 463 433 C
485 386 633 428 Velleii
659 386 863 427 Paterculi
889 388 1082 429 historiae
1109 387 1316 430 Romanae
1344 389 1459 430 Libri
1487 389 1536 430 11.
1563 402 1656 430 eum

418 444 564 485 eodem
597 443 720 484 Floro
749 448 830 486 etc.
858 443 1064 497 Parisiis,
1093 445 1206 500 apud
1232 444 1411 489 Hieron.
1440 445 1656 499 Marneus.

515 513 548 539 s
580 502 648 543 16.

280 561 390 602 1568
418 505 624 606 V2elleius,
670 556 777 598 inter
811 556 1020 599 Historiae
1068 556 1278 600 Romanae
1323 558 1560 611 scriptores,
1605 558 1656 598 ab

419 613 608 654 Henrico
635 611 851 668 Stephano
878 615 1031 667 editos,
1057 616 1248 667 praefixis
1276 615 1367 656 car.
1397 615 1552 668 Sigonii
1579 614 1657 654 Fa-

418 672 493 711 stis
522 671 807 720 consularibus
837 671 1028 711 Para-sias.
1055 676 1084 714 4
1107 671 1471 725 V011.8.quorum
1502 672 1544 713 in
1571 671 1658 753 pri*-

418 740 486 772 mo
515 726 697 768 Velleius
733 729 991 780 subsequitur
1033 729 1255 781 Sigonium.

503 781 602 825 Post
626 784 701 824 hos
731 785 783 824 de
814 784 998 837 Velleio,
1035 798 1116 825 non
1154 786 1317 838 quidem
1354 783 1540 834 edendo,
1581 784 1657 825 sed

419 841 699 892 emendando,
737 839 872 881 meriti
910 846 1004 881 sunt
1035 841 1129 883 Gar.
1158 841 1377 897 Sigonius,
1414 839 1656 882 coniecturis

415 894 503 939 ‘auis
539 898 582 938 in
617 897 751 938 Fastis
787 897 938 938 consul.
968 903 1011 939 et
1045 899 1086 938 in
1114 900 1228 943 notis
1248 899 1299 939 ad
1327 899 1483 939 Livium
1510 911 1657 952 propo-

419 956 533 1003 sitis,
571 958 614 994 et
653 953 796 994 Claud.
826 954 1041 995 Puteanus
1077 953 1160 1011 (du
1189 953 1306 1010 Puy)
1343 955 1547 1004 Pal-isius,
1588 955 1656 1007 qui

421 1012 785 1052 animadversiones
832 1024 924 1052 suas
970 1026 1062 1052 cum
1107 1012 1212 1053 Aldo
1248 1011 1457 1061 Manutio,
1507 1016 1658 1065 nepote

420 1069 538 1116 Aldi,
568 1068 786 1109 editionem
814 1067 965 1110 Velleii
991 1073 1206 1122 paraturo,
1243 1068 1560 1109 communicavit.
1599 1068 1657 1108 'Is

418 1125 547 1168 Aldus
582 1127 792 1177 utriusque
832 1126 1158 1173 emendationes,
1198 1128 1429 1166 auctoribus
1469 1137 1549 1165 non
1585 1137 1659 1165 no-

421 1183 605 1230 minatis
634 1183 815 1222 Puteano
844 1183 1006 1234 quidem
1034 1183 1268 1230 rarissime,
1305 1196 1380 1236 pro
1409 1181 1492 1222 suis
1519 1182 1658 1222 vendi-

420 1241 530 1280 tavit.
587 1240 706 1291 Quod
733 1252 823 1279 eum
852 1240 1018 1291 indigne
1048 1239 1179 1280 ferret
1205 1239 1432 1286 Puteanus,
1469 1251 1542 1279 sua
1581 1237 1659 1278 sibi

421 1297 715 1347 vindicaturus,
756 1297 1007 1336 coniecturas
1045 1309 1138 1336 suas
1166 1296 1356 1336 collectas
1389 1295 1514 1335 edere
1543 1309 1659 1362 para-

422 1354 492 1393 vit.
521 1354 603 1394 Sed
632 1356 765 1392 morte
793 1365 882 1392 eum
911 1358 1150 1419 praereptus
1177 1357 1310 1400 esset,
1337 1353 1511 1406 primum
1541 1353 1660 1392 emis-

423 1423 519 1450 sae
512 1410 569 1449 in
606 1403 736 1449 lucem
777 1414 871 1449 sunt
908 1410 951 1448 in
990 1410 1169 1450 editione
1197 1408 1370 1459 Velleii,
1409 1408 1552 1449 Tacito
1588 1409 1660 1449 ad-

422 1468 580 1514 iuncta,
613 1464 778 1506 Parisiis
808 1469 932 1508 1608.

286 1526 396 1568 1571
429 1523 472 1564 G.
508 1522 658 1563 Velleii
682 1522 903 1563 Paterculi
932 1522 1135 1562 historiae
1162 1521 1382 1563 Romanae
1406 1519 1465 1562 ad
1493 1520 1553 1562 M.
1591 1520 1661 1562 Vi.

425 1581 585 1621 niciam
619 1578 710 1620 Cos.
735 1579 860 1619 Libri
888 1579 949 1620 ΙΙ.
982 1580 1034 1620 ab
1061 1580 1164 1620 Aldo
1199 1580 1407 1628 Manutio‚
1435 1578 1575 1619 Paulli
1609 1579 1662 1621 F.

429 1636 542 1677 Aldu·
568 1635 628 1675 N.
655 1636 887 1685 emendati
929 1642 970 1676 et
997 1636 1165 1676 scholiis
1188 1636 1398 1677 illustrati.
1465 1635 1661 1684 Venetiis,

429 1695 474 1733 in
513 1692 685 1733 aedibus
721 1692 994 1733 Manutianis.
1022 1697 1062 1735 8.
1098 1716 1155 1723 --
1192 1693 1232 1733 Is
1259 1693 1411 1746 primus
1441 1693 1661 1733 editionem

427 1751 702 1791 Basileensem
733 1751 929 1800 deseruit,
968 1754 1011 1789 et
1038 1751 1240 1817 antiquam
1268 1750 1483 1791 lectionem
1517 1750 1662 1789 editio-

430 1808 493 1846 nis
522 1819 582 1858 pr.
610 1806 827 1845 restituere
848 1808 1043 1854 tentavit3
1080 1808 1121 1846 in
1150 1819 1228 1859 quo
1251 1811 1386 1846 tamen
1417 1807 1526 1846 nulla
1550 1811 1662 1846 certa

425 1864 519 1914 lege
558 1866 601 1902 et
637 1862 852 1914 prudentia
891 1876 988 1902 usus
1035 1866 1109 1902 est.
1167 1863 1325 1902 Textus
1362 1864 1470 1903 enim
1511 1861 1662 1903 Velleii

426 1924 584 1960 temere
614 1919 809 1958 conflatus
841 1924 903 1959 est
931 1932 982 1958 ex
1010 1919 1186 1959 lectione
1223 1925 1266 1960 et
1293 1921 1469 1969 codicis,
1509 1923 1552 1959 et
1575 1921 1661 1959 edi-

351 1980 354 1982 ’
427 1977 548 2017 tionis
578 1976 753 2028 primae,
790 1989 918 2027 eaque
953 1977 1194 2029 depravata,
1236 1981 1279 2017 et
1304 1977 1510 2026 luminae,
1548 1977 1661 2016 cuius

426 2033 521 2073 vitia
555 2032 849 2085 typographica
879 2033 981 2073 adeo
1018 2034 1203 2086 repetiit,
1241 2037 1283 2074 et
1324 2034 1511 2074 editionis
1548 2033 1661 2073 Basi-

427 2089 598 2137 leensis,
628 2090 670 2128 in
697 2089 797 2128 locis
832 2087 995 2141 quidem
1022 2091 1198 2138 vexatis,
1229 2095 1272 2130 et
1297 2103 1348 2131 ex
1380 2091 1537 2131 Burerii
1563 2102 1661 2129 non-

427 2158 644 2198 numquam
681 2150 724 2185 et
757 2146 839 2187 suis
869 2147 995 2200 ipsius
1030 2147 1297 2199 coniecturis,
1338 2160 1433 2188 raro
1470 2147 1662 2187 feliciori-

427 2205 526 2251 bua,
572 2215 867 2255 nonnumquam
903 2205 1152 2253 temerariis,
1192 2205 1295 2244 adeo
1334 2205 1552 2244 erroribus.
1615 2203 1681 2256 ln⁴

427 2260 536 2301 notis
566 2260 685 2310 alias,
725 2260 963 2313 plerumque
1000 2261 1158 2314 ineptas
1188 2266 1310 2314 atque
1343 2261 1527 2301 indoctas
1567 2273 1662 2300 con-

428 2317 626 2367 iecturas,
673 2317 723 2356 ab
756 2318 843 2357 aliis
877 2318 1025 2358 deinde
1064 2318 1210 2358 merito
1245 2318 1481 2370 castigatas,
1515 2330 1662 2369 propo-

428 2374 522 2414 suit.
582 2373 738 2413 Tamen
773 2374 881 2414 inter
906 2375 980 2414 has
1016 2373 1158 2415 felicia·
1186 2387 1346 2427 quoque
1377 2375 1539 2414 inventa
1568 2386 1664 2426 pro-

427 2430 532 2474 tulit.
588 2429 759 2470 Praeter
787 2444 981 2471 annorum
1015 2444 1206 2472 numeros
1233 2432 1287 2471 de
1315 2431 1543 2471 nominibus
1568 2442 1659 2482 pro·

426 2487 526 2541 priis
559 2488 822 2527 restituendis
858 2489 1032 2528 maxime
1063 2489 1232 2529 meritus
1266 2492 1341 2530 est.
1397 2486 1559 2528 Velleio
1595 2498 1662 2526 ex-

426 2544 614 2597 plicando
643 2545 788 2593 etiam4
825 2545 899 2585 sed
932 2546 1065 2585 obiter
1097 2550 1149 2588 et
1167 2557 1314 2598 parce,
1339 2556 1509 2597 operam
1537 2543 1662 2583 dedit.

427 2601 612 2653 Denique
638 2601 682 2641 ei
707 2600 903 2642 debemus
939 2602 1054 2643 Petr.
1084 2602 1301 2650 Delbenff,
1336 2601 1448 2641 docti
1483 2604 1526 2641 et
1555 2598 1664 2640 acuti

427 2657 720 2706 adolescentis,
749 2659 1028 2709 coniecturas,
1058 2660 1154 2699 licet
1182 2659 1456 2712 paucissimas.
1504 2677 1507 2680 ·

284 2714 400 2774 1588
427 2713 632 2767 Velleiu8‚
660 2727 752 2762 cum
785 2716 955 2761 diversis
984 2717 1170 2759 locorum
1197 2715 1451 2770 scriptume,
1457 2713 1504 2755 in
1533 2711 1663 2755 Έωιιο
