1728 3054
322 215 404 259 DE
427 209 732 260 vannum
777 210 1183 257 Paffnltmno
1308 215 1437 252 cxx}

63 327 391 384 probor-mnu,
414 341 537 382 *quae
566 327 678 369 velat
693 305 990 370 '‘Airiflubranam=
1019 323 1246 376 teutatufl',
1268 338 1358 375 nn,
1372 326 1436 366 >li-

3 390 6 391 ’
63 386 164 428 teris
191 387 423 438 expunctis,
461 384 706 439 superscribi
738 388 901 437 posset,
935 382 978 422 in
1012 382 1096 422 line
1130 383 1320 424 nonnulla
1346 396 1436 423 era-

65 443 132 484 sit.
189 442 423 486 Lacunam:
451 443 574 483 etiam
607 445 697 482 ‘erat
723 444 814 479 tam
838 438 1146 492 versiculorum,
1192 452 1312 492 quau·
1345 452 1437 479 ver.

66 499 210 542 borum
236 499 516 540 omissionibus
535 497 789 549 {requenter
817 496 966 542 obviis,
1009 508 1121 547 quae
1149 497 1216 536 vel
1252 496 1437 536 librario·

66 568 181 604 rum‚
224 555 311 597 aive
346 554 652 601 marbacensis,
675 552 777 591 >sive
815 551 1121 603 antiquiorum,-⁴
1150 553 1438 606 negligentiae,

67 611 133 651 rel
163 611 384 654 eorundem
420 609 627 652 bominum
660 607 797 652 studio
832 607 996 647 lacunas
1031 609 1262 649 vetustion‘s
1300 612 1439 649 axem·

69 667 128 720 pli
167 667 452 715 ’nin‘euofune
488 665 674 707 mutilus-
698 663 903 711 videntur,
959 665 1187 704 occultandi
1226 666 1439 706 debentur.

68 723 404 772 nemosianus
421 722 616 773 ·denique
649 724 759 767 erat,
786 724 861 760 -tot
897 723 940 759 et
975 725 1087 760 tanta
1121 723 1440 775 corruptelarum

69 779 402 834 prodigiogquot
429 783 473 820 et
500 782 648 829 quanta
678 788 853 828 unquam
891 776 934 816 in
970 789 1051 816 uno
1091 778 1233 819 codice
1272 780 1442 830 scripto-

67 835 303 880 risvetmi
330 834 709 887 deprehenduntur,
736 833 1076 873 abundantissime
1102 833 1299 874 referens.
1335 835 1440 875 Nam

67 890 293 944 descriptus
327 891 408 932 fuit
447 891 499 931 ab
537 890 702 930 homine
730 889 1028 941 indoctissimo,
1075 890 1146 941 qui
1187 903 1240 930 ne
1274 892 1442 931 verbum

70 947 234 1000 quidem
285 947 512 996 intellexit,
559 946 1002 998 negligentissimoque‚
1046 946 1115 998 qui
1152 946 1307 987 laboris
1348 960 1443 999 per·
1483 957 1488 961 ·

71 1007 229 1054 taesus,
269 1004 479 1044 festinanti
521 1016 642 1053 manu
678 1015 845 1046 munere
880 1016 955 1043 suo
991 1003 1207 1043 defunctus
1235 1000 1311 1043 est.
1370 1005 1446 1044 At-

71 1065 206 1101 tamen
230 1072 296 1110 ;e1
333 1060 565 1112 antiquiori,
586 1072 745 1112 quoque
783 1060 1005 1112 exemplo,
1056 1060 1165 1100 unde
1199 1059 1445 1100 Mnrbacen-

72 1117 130 1157 sis
175 1117 280 1159 liber
330 1117 555 1169 exscriptus
603 1120 694 1164 est,
751 1115 845 1167 quin
895 1118 1017 1156 etiam
1068 1129 1119 1156 ex
1170 1116 1292 1168 longe
1341 1117 1444 1155 anti-

73 1173 303 1225 quioribus,
339 1173 464 1215 multa
498 1172 594 1214 vitia
626 1172 678 1213 ad
713 1173 1034 1214 recentissimum
1063 1185 1193 1226 usque
1219 1178 1316 1213 sunt
1350 1186 1444 1227 pro-

51 1234 233 1284 ,9¹5²st-

185 1308 270 1350 Sed
296 1308 358 1349 nti
391 1307 495 1348 haec
530 1308 676 1350 damna
708 1308 879 1349 aliorum
905 1306 1057 1349 velleii
1081 1307 1266 1351 codicum
1294 1307 1445 1348 auxilio

73 1366 260 1410 resarciri
296 1377 497 1417 nunquam
533 1378 654 1418 posse
697 1366 871 1418 graviter
909 1365 1147 1414 dolendum,
1191 1366 1250 1408 ita
1287 1378 1446 1416 quoque

74 1422 199 1474 ipsius
248 1422 399 1462 codicis
438 1421 717 1463 murbacensis
763 1423 916 1461 iactura
962 1422 1109 1462 acerbe
1154 1421 1325 1462 ferenda
1370 1426 1446 1460 est.

75 1477 115 1518 1⁸
150 1479 257 1518 enim
296 1477 546 1529 iniquissimo
583 1478 690 1526 fato,
738 1483 948 1535 postquam
989 1477 1174 1518 Rbenani
1213 1491 1308 1518 cura
1343 1477 1446 1517 Fro-

74 1534 185 1574 benii
213 1534 319 1586 typis
348 1534 571 1586 exscriptus
600 1539 709 1581 erat,
738 1547 902 1587 prorsus
932 1534 1130 1588 disperiit.
1185 1534 1316 1575 Nemo
1340 1534 1448 1574 enim

75 1590 369 1641 insequentium
411 1590 611 1629 editorum
647 1590 793 1629 librum
831 1603 951 1630 manu
987 1594 1194 1631 exaratum
1234 1591 1448 1640 consuluit,

0 1670 6 1680 ·
77 1650 125 1685 ut
161 1651 255 1698 post
282 1645 526 1698 exscriptum
556 1645 779 1696 Velleium,
815 1646 924 1698 quod
964 1646 1073 1686 haud
1110 1660 1204 1687 raro
1241 1648 1366 1688 fiebat
1404 1647 1449 1688 in

0 1742 4 1754 k
78 1702 191 1745 libris
218 1706 405 1755 typorum
420 1701 539 1742 ‘notis
568 1703 792 1755 expressis,
829 1702 940 1742 velut
966 1703 1117 1743 inutilis
1147 1704 1326 1744 abiectus
1354 1716 1449 1743 esse

78 1758 271 1800 videatur.
330 1757 431 1798 Nam
473 1762 615 1811 postea
649 1760 692 1798 in
727 1758 977 1812 Bibliotheca
1015 1759 1275 1799 Murbacensi
1302 1773 1449 1813 *reper-

79 1819 146 1855 tus
175 1827 255 1855 uon
282 1817 347 1854 est
381 1827 406 1854 a
441 1814 767 1863 Montfauconio,
804 1816 846 1855 in
881 1815 1070 1855 Biblioth.
1107 1815 1222 1855 Tom.
1262 1815 1311 1856 11.
1353 1829 1448 1869 pag.

80 1872 202 1914 1175.
226 1870 403 1911 codices
437 1870 555 1910 huius
593 1872 777 1911 coenobii
814 1877 1064 1912 recensente.
1131 1871 1277 1924 Neque
1308 1873 1448 1912 Ruhn-

80 1927 220 1976 kenio,
256 1927 299 1967 in
326 1926 503 1967 editione
531 1926 678 1968 Velleii
712 1926 889 1980 paranda
922 1928 1030 1968 hunc
1063 1929 1211 1969 librum
1245 1935 1451 1970 vetustum

78 1995 166 2080 psl-²
180 1983 330 2082 agiticos
353 1983 514 2025 Alsatos
540 1984 766 2038 indaganti,
804 1985 931 2026 ullum
968 1985 1056 2026 eius
1085 1986 1298 2039 vestigium
1337 1986 1452 2036 obla-

193 2130 313 2172 nunc
339 2130 521 2171 codicem
545 2129 856 2173 Murbacensem
884 2130 1118 2180 Rhenanus,
1136 2136 1183 2172 ut
1209 2131 1342 2184 operis
1372 2135 1452 2171 tra-

82 2186 223 2236 deret,
252 2188 316 2228 -ab
347 2187 476 2227 amico
505 2187 695 2238 quodam,
734 2187 807 2226 sed
842 2193 1107 2241 properanter
1145 2193 1188 2228 et
1223 2188 1452 2239 intelligen-

82 2247 146 2283 ter
173 2241 277 2298 (vid.
303 2243 437 2283 Rhen-
475 2241 676 2296 Dedicat.)
714 2250 882 2283 munere
917 2257 991 2283 suo
1026 2245 1240 2296 fungente,
1273 2244 1451 2283 describi

82 2300 254 2348 curavit,
298 2305 342 2340 et
380 2299 555 2352 quinque
593 2312 669 2351 per
702 2312 851 2349 annos,
890 2299 985 2340 dum
1023 2314 1117 2352 spes
1152 2301 1330 2340 melioris
1359 2300 1453 2339 libri

82 2356 358 2404 nanciscendi,
409 2368 485 2408 per
529 2355 729 2395 Merulam
783 2360 920 2405 mota,
966 2356 1208 2408 affulgebat,
1257 2356 1453 2396 ineditum

52 2438 58 2441 s
84 2411 189 2462 apud
217 2425 264 2452 se
283 2412 460 2453 retinuit.
517 2411 619 2451 Cum
651 2425 747 2452 vero
772 2412 933 2463 ederet,
967 2425 1115 2465 operae
1144 2413 1317 2465 pretium
1345 2412 1453 2452 haud

84 2467 223 2517 duxit,
267 2466 386 2522 (nam
423 2467 562 2508 critica
594 2473 679 2508 tum
715 2481 782 2508 ars
811 2468 943 2509 adhuc
980 2475 1069 2509 erat
1107 2470 1149 2508 in
1184 2467 1453 2524 incunabulis)

88 2535 159 2570 ea,
179 2536 299 2575 =quae
333 2524 475 2564 critici
509 2524 633 2564 hodie
673 2525 726 2564 de
762 2525 867 2564 libro
898 2538 1018 2565 manu
1051 2530 1212 2566 exarato
1245 2526 1352 2565 scire
1393 2526 1457 2565 in-

88 2582 243 2628 terent.
282 2581 469 2628 referre,
515 2580 594 2624 nisi
627 2581 878 2632 paucissima.
949 2582 1093 2632 Neque
1144 2582 1360 2630 Burerius,
1404 2582 1458 2624 de

89 2645 169 2685 quo
203 2647 296 2676 mox
334 2637 537 2685 dicemus,
576 2637 764 2677 editionis
807 2637 961 2690 primae
1004 2638 1055 2676 ad
1097 2637 1248 2677 codicis
1278 2651 1459 2678 normam

89 2690 304 2741 castigator
321 2721 333 2743 ,
390 2692 482 2737 libri
534 2693 684 2735 vetusti
737 2693 973 2744 diligentem
1025 2694 1338 2747 descriptionem
1387 2695 1459 2734 de-

90 2746 170 2793 din
207 2752 342 2792 tamen
369 2747 412 2790 in
444 2748 549 2790 notis
583 2749 635 2789 ad
666 2749 823 2801 singula
857 2750 1066 2802 scriptoris
1093 2750 1196 2792 loca.
1215 2751 1365 2804 passim
1396 2763 1461 2792 co·
1499 2744 1510 2754 ”
