1728 3054
0 2157 11 2892 «κῇ-φῇ
0 2097 2 2150 „mma

425 161 728 226 ANNAL'ES
768 179 1144 224 anLmAm
1266 219 1275 224 ,
1361 183 1475 246 mn

56 332 65 343 s
94 295 330 347 attensibus.
388 294 489 336 Inde
524 294 704 339 fortasse
738 293 917 342 factum,
955 296 1025 342 ut,
1059 294 1236 345 praeter*
1253 291 1477 333 tribunatus

92 354 186 405 illos
213 354 370 406 priores
398 351 704 400 beneficiarios,
740 349 959 392 necessarii
984 349 1138 396 fuerint
1163 342 1375 402 praeterea
1402 349 1477 388 tri-

93 412 269 453 bunatus
298 413 541 458 castrorum,
580 409 725 460 quibus
751 408 1029 447 imbuerentur
1055 405 1212 446 nobiles
1242 405 1477 446 adolescen-

94 472 158 508 tes
183 466 394 519 disciplina
420 477 630 508 munerum
660 464 936 509 castrensium.
969 463 1028 503 Et
1054 475 1172 502 suum
1200 467 1336 503 tamen
1362 468 1476 502 uter-

96 536 181 576 que·
222 523 448 569 tribunatus
489 532 607 567 usum
654 520 833 561 habebat
875 520 919 559 in
958 519 1171 571 disciplina
1215 519 1475 571 reipublicae.

95 575 344 626 luserviebat,
370 578 598 619 tribunatus
630 576 913 622 beneficiarius
941 577 1024 619 otio
1060 575 1141 625 illi,
1189 575 1297 627 quod
1332 576 1476 619 studiis

94 635 325 683 forensibus
348 633 476 682 Iuris,
507 633 742 680 Oratoriae,
776 632 1124 684 ludiciorumque,
1160 631 1476 684 impendendum

96 696 188 734 erat
212 691 262 734 ab
289 690 398 738 illius
427 689 549 730 etiam
579 689 816 742 amplissimi
852 687 1006 729 ordinis
1048 684 1396 739 adolescentibus,
1430 692 1477 729 ut

95 747 297 807 stipendia
321 746 483 794 interim
511 745 562 785 ad
591 746 724 786 locum
752 745 794 795 in
818 742 965 786 'senatu
999 745 1293 796 capessendum
1333 755 1474 789 neces-

96 805 202 852 saria
243 803 500 850 nibilominus
537 803 821 856 procederent.
890 801 955 841 Ne
991 805 1127 841 tamen
1154 814 1290 840 rerum
1329 803 1476 842 milita-

93 861 199 906 rium
232 860 353 913 plane
391 859 515 899 rudes
562 859 614 899 ad
660 859 813 898 clavum
859 857 1106 910 reipublicae
1152 858 1475 907 admoverentur,

95 922 259 960 cautum
286 921 371 964 est,
405 929 460 955 ne
495 915 604 957 solus
641 915 712 956 ille
751 915 819 966 qui
854 915 1088 955 muneribus
1115 914 1284 955 militiae
1313 920 1473 956 vacaret

94 973 322 1015 tribunatus
366 973 417 1012 ad
448 972 581 1012 locum
613 971 656 1012 in
692 976 835 1019 senatu
872 971 1104 1018 sufficeret,
1146 971 1220 1010 sed
1249 971 1317 1014 alii
1360 985 1474 1011 acce-

95 1030 243 1072 derent
268 1034 479 1083 praeterea
508 1029 735 1068 tribunatus
762 1028 877 1073 anni.
915 1028 1023 1067 veris
1053 1027 1182 1068 officii
1208 1028 1406 1068 tribunitii
1434 1031 1477 1068 et

96 1087 312 1130 castrensis
348 1085 582 1138 muneribus
616 1084 890 1138 impendendi.
948 1084 1004 1124 Et
1041 1084 1204 1136 quidem
1249 1085 1475 1125 tribunatus

96 1143 325 1188 istiusmodi
366 1142 635 1190 beneficiarii,
681 1141 829 1193 quique
860 1140 1028 1180 munere
1059 1141 1284 1191 vacaverit,
1323 1143 1476 1180 mentio

97 1200 274 1245 occurrit
311 1199 418 1252 apud
452 1196 497 1254 *)
536 1198 797 1246 Ciceronem,
845 1210 899 1238 ne
932 1197 1089 1237 iuniora
1130 1197 1276 1241 addam
1314 1196 1476 1238 Velleio

96 1256 339 1302 testimonia.
395 1254 743 1306 Nominabantque
772 1253 894 1294 etiam
931 1254 974 1293 in
1001 1254 1130 1301 libera
1157 1253 1363 1307 republica
1391 1268 1476 1293 ma-

57 1328 60 1329 ’
97 1325 218 1366 gnam
258 1313 508 1355 tribunorum
554 1316 714 1363 partem
761 1310 1031 1363 Imperatores
1076 1311 1282 1363 ducesque
1318 1311 1476 1351 exerci-

97 1374 224 1413 tuum.
278 1369 378 1410 Inde
417 1368 623 1411 consulum
659 1368 830 1419 legimus
865 1368 1167 1415 beneficiarios,
1203 1380 1280 1406 nec
1313 1368 1475 1408 illorum

98 1426 398 1475 tantummodo,
435 1426 510 1464 sed
546 1425 779 1477 praesidum
816 1424 937 1463 etiam
972 1422 1283 1476 provincialium.
1340 1423 1475 1464 Penes

97 1482 190 1525 illos
218 1486 328 1529 erat,
356 1482 538 1521 tribunos
567 1495 591 1520 a
619 1493 665 1520 se
694 1481 926 1531 designatos
953 1494 978 1520 a
1004 1481 1237 1520 muneribus
1267 1493 1475 1520 excusare.

98 1538 163 1579 Ita
198 1551 278 1579 non
313 1538 461 1577 milites
498 1538 704 1580 dumtaxat
741 1536 946 1588 gregales,
986 1542 1154 1588 propter
1187 1538 1366 1589 praemia
1401 1538 1477 1576 ho-

98 1598 318 1646 nest-sque
343 1593 580 1640 missiones,
609 1593 683 1632 sed
710 1594 892 1632 tribunos
920 1593 1041 1632 etiam
1070 1599 1237 1645 propter
1266 1606 1477 1634 munerum

99 1651 350 1698 vacationes,
385 1650 587 1689 habebant
622 1649 700 1689 sibi
735 1650 951 1698 obnoxios,
985 1656 1219 1699 veteranos,
1260 1651 1479 1697 beneficia-

98 1708 210 1768 svs,
243 1711 440 1751 evocatos.
497 1706 699 1750 Redibant
736 1706 843 1746 enim
878 1706 929 1744 ad
964 1706 1170 1755 militiam,
1217 1706 1323 1747 duce
1359 1719 1477 1747 revo-

99 1767 243 1811 cante,
269 1763 384 1806 missi
410 1762 506 1801 olim
534 1763 733 1811 veterani,
771 1761 880 1800 nulla
918 1762 998 1800 iam
1036 1762 1209 1814 cogetlte
1246 1763 1362 1814 lege,
1401 1763 1476 1803 sed

97 1825 281 1863 veterum
307 1818 512 1861 dumtaxat
539 1818 824 1857 beneficiorum
852 1818 1108 1868 gratitudine.
1166 1818 1255 1858 Nec
1291 1820 1390 1867 alia,
1431 1824 1478 1860 ut

98 1880 240 1930 puto,·
261 1887 381 1920 causa
416 1874 632 1914 nominavit
663 1873 841 1915 Velleius
867 1872 935 1929 **)
965 1887 1059 1914 suos
1091 1876 1134 1914 in
1162 1875 1240 1915 hoc
1269 1877 1477 1916 tribunatu

99 1933 246 1980 duces,
280 1936 438 1983 patrem
473 1930 643 1978 Vinicii,
695 1931 746 1970 ad
785 1944 905 1982 quem
951 1932 1104 1980 scribit,
1145 1933 1324 1981 consulis
1363 1933 1476 1972 Mar-

99 2002 211 2039 cum,
242 1993 284 2027 et
311 1987 354 2026 1³.
384 1987 548 2035 Silium,
586 2000 702 2039 quam
733 1988 811 2026 hac
839 1988 927 2039 ipsa
956 1987 1220 2045 gratitudinis.
1280 1989 1379 2028 lnde
1406 1989 1475 2029 illa

100 2057 194 2086 cnm
228 2044 387 2085 Vinicio
425 2044 588 2083 consule
624 2044 892 2083 necessitudo.
961 2044 1060 2084 Inde
1107 2050 1149 2084 et
1196 2046 1265 2084 illa
1304 2059 1394 2084 cum
1425 2046 1475 2085 A.

98 2100 261 2142 Licinio
285 2098 378 2155 ***)
411 2100 543 2139 Nerva
585 2100 735 2140 Siliano
769 2100 924 2151 Publii,
963 2102 1037 2141 sub
1068 2114 1147 2153 quo
1176 2102 1344 2152 meruit,
1382 2101 1474 2142 Silii

99 2158 210 2215 filio,
242 2157 355 2197 cuius
382 2157 574 2196 mentioni
606 2157 737 2196 locum
773 2170 820 2196 se
847 2158 1053 2208 quaesisse
1081 2159 1234 2197 fatetur
1262 2159 1372 2210 ipse,
1412 2159 1472 2198 iu-

101 2218 246 2267 stoque
284 2213 424 2253 tribuit
461 2214 548 2252 sine
586 2214 795 2253 mendacio
832 2214 1011 2259 candori.
1070 2214 1172 2253 Nam
1210 2221 1251 2254 et
1291 2219 1475 2267 postero-

98 2283 191 2313 rum
218 2270 425 2310 caritatem
462 2270 727 2316 conciliabant
763 2270 989 2309 istiusmodi
1027 2272 1284 2311 decessorum
1322 2271 1476 2311 benefi-

100 2327 177 2368 cia.
242 2327 382 2378 ltaque
421 2326 720 2367 beneficiarium
748 2339 863 2366 suum
902 2327 1012 2366 illum
1051 2328 1180 2367 fuisse
1217 2329 1475 2377 tribunatum,

99 2383 186 2436 his,
223 2384 268 2428 ni
302 2383 650 2432 fallor,·indiciis
681 2384 818 2436 prodit
855 2384 944 2436 ipse
979 2384 1174 2425 Velleius.
1233 2384 1476 2436 optimeque

101 2450 200 2483 saue
223 2439 465 2499 *respondet*
487 2439 668 2481 Graecae
705 2440 966 2494 Epheborum
1009 2442 1176 2484 militiae
1213 2441 1475 2493 domesticae,

194 2628 618 2721 chifeitmiissuiifrffiss'.
635 2630 760 2711 {linia

195 2720 273 2766 w)
295 2721 384 2757 Veu.
406 2722 468 2758 ιῑι».
497 2723 542 2759 ιι.
573 2734 648 2768 cap.
679 2721 761 2758 116.
