<?xml version="1.0" encoding="UTF-8"?>
<!DOCTYPE html PUBLIC "-//W3C//DTD XHTML 1.0 Transitional//EN"
    "http://www.w3.org/TR/xhtml1/DTD/xhtml1-transitional.dtd">
<html xmlns="http://www.w3.org/1999/xhtml" xml:lang="en" lang="en">
 <head>
  <title>
</title>
<meta http-equiv="Content-Type" content="text/html;charset=utf-8" />
  <meta name='ocr-system' content='tesseract 3.04.00' />
  <meta name='ocr-capabilities' content='ocr_page ocr_carea ocr_par ocr_line ocrx_word'/>
</head>
<body>
  <div class='ocr_page' id='page_1' title='image "./quaesupersuntexh00velluoft_0406.png"; bbox 0 0 1728 3054; ppageno 0'>
   <div class='ocr_carea' id='block_1_1' title="bbox 234 179 1390 227">
    <p class='ocr_par' dir='ltr' id='par_1_1' title="bbox 234 179 1390 227">
     <span class='ocr_line' id='line_1_1' title="bbox 234 179 1390 227; baseline -0.002 0"><span class='ocrx_word' id='word_1_1' title='bbox 234 186 322 227; x_wconf 82' lang='lat'>218</span> <span class='ocrx_word' id='word_1_2' title='bbox 375 213 377 216; x_wconf 77' lang='grc'><strong>.</strong></span> <span class='ocrx_word' id='word_1_3' title='bbox 473 220 476 221; x_wconf 31' lang='grc'><strong>.</strong></span> <span class='ocrx_word' id='word_1_4' title='bbox 541 181 589 223; x_wconf 83' lang='lat' dir='ltr'>C.</span> <span class='ocrx_word' id='word_1_5' title='bbox 626 179 911 224; x_wconf 77' lang='lat' dir='ltr'><strong>VELLEII</strong></span> <span class='ocrx_word' id='word_1_6' title='bbox 947 180 1344 225; x_wconf 73' lang='lat' dir='ltr'>PATERGULI</span> <span class='ocrx_word' id='word_1_7' title='bbox 1387 191 1390 194; x_wconf 85' lang='grc'><strong>“</strong></span> 
     </span>
    </p>
   </div>
   <div class='ocr_carea' id='block_1_2' title="bbox 145 293 1621 1187">
    <p class='ocr_par' dir='ltr' id='par_1_2' title="bbox 145 293 1621 1187">
     <span class='ocr_line' id='line_1_2' title="bbox 234 293 1620 357; baseline 0.001 -16"><span class='ocrx_word' id='word_1_8' title='bbox 234 311 390 357; x_wconf 83' lang='lat' dir='ltr'>presso</span> <span class='ocrx_word' id='word_1_9' title='bbox 419 293 616 354; x_wconf 80' lang='lat' dir='ltr'>Orodes,</span> <span class='ocrx_word' id='word_1_10' title='bbox 649 311 768 355; x_wconf 90' lang='lat' dir='ltr'>quae</span> <span class='ocrx_word' id='word_1_11' title='bbox 801 296 1001 341; x_wconf 87' lang='lat' dir='ltr'>Antonio</span> <span class='ocrx_word' id='word_1_12' title='bbox 1035 296 1169 356; x_wconf 87' lang='lat' dir='ltr'>pulso</span> <span class='ocrx_word' id='word_1_13' title='bbox 1203 297 1329 342; x_wconf 77' lang='lat' dir='ltr'>filius</span> <span class='ocrx_word' id='word_1_14' title='bbox 1349 297 1442 349; x_wconf 86' lang='lat' dir='ltr'>eius</span> <span class='ocrx_word' id='word_1_15' title='bbox 1470 298 1620 344; x_wconf 86' lang='lat' dir='ltr'>Phra-</span> 
     </span>
     <span class='ocr_line' id='line_1_3' title="bbox 235 365 1618 427; baseline 0.003 -18"><span class='ocrx_word' id='word_1_16' title='bbox 235 366 365 409; x_wconf 81' lang='lat' dir='ltr'>hates</span> <span class='ocrx_word' id='word_1_17' title='bbox 400 370 639 424; x_wconf 80' lang='lat' dir='ltr'>ceperant,</span> <span class='ocrx_word' id='word_1_18' title='bbox 682 366 891 427; x_wconf 84' lang='lat' dir='ltr'>Augusto</span> <span class='ocrx_word' id='word_1_19' title='bbox 936 365 1116 410; x_wconf 82' lang='lat' dir='ltr'>remissa</span> <span class='ocrx_word' id='word_1_20' title='bbox 1159 372 1270 412; x_wconf 83' lang='lat' dir='ltr'>sunt.</span> <span class='ocrx_word' id='word_1_21' title='bbox 1350 367 1490 421; x_wconf 77' lang='lat' dir='ltr'>Quod</span> <span class='ocrx_word' id='word_1_22' title='bbox 1536 383 1618 413; x_wconf 87' lang='lat' dir='ltr'>co-</span> 
     </span>
     <span class='ocr_line' id='line_1_4' title="bbox 235 433 1617 494; baseline 0.003 -17"><span class='ocrx_word' id='word_1_23' title='bbox 235 448 436 494; x_wconf 85' lang='lat' dir='ltr'>gnomen</span> <span class='ocrx_word' id='word_1_24' title='bbox 476 433 545 477; x_wconf 86' lang='lat' dir='ltr'>illi</span> <span class='ocrx_word' id='word_1_25' title='bbox 579 433 701 489; x_wconf 85' lang='lat' dir='ltr'>viro,</span> <span class='ocrx_word' id='word_1_26' title='bbox 745 435 903 480; x_wconf 85' lang='lat' dir='ltr'>Planci</span> <span class='ocrx_word' id='word_1_27' title='bbox 931 434 1183 493; x_wconf 69' lang='lat' dir='ltr'>sententia,</span> <span class='ocrx_word' id='word_1_28' title='bbox 1237 450 1474 482; x_wconf 81' lang='lat' dir='ltr'>consensus</span> <span class='ocrx_word' id='word_1_29' title='bbox 1516 438 1617 481; x_wconf 91' lang='lat' dir='ltr'>uni-</span> 
     </span>
     <span class='ocr_line' id='line_1_5' title="bbox 145 502 1619 563; baseline 0.003 -16"><span class='ocrx_word' id='word_1_30' title='bbox 145 513 149 514; x_wconf 69' lang='grc'>’</span> <span class='ocrx_word' id='word_1_31' title='bbox 197 503 351 553; x_wconf 83' lang='lat' dir='ltr'>2versi</span> <span class='ocrx_word' id='word_1_32' title='bbox 384 509 561 548; x_wconf 85' lang='lat' dir='ltr'>senatus</span> <span class='ocrx_word' id='word_1_33' title='bbox 604 502 858 563; x_wconf 84' lang='lat' dir='ltr'>populique</span> <span class='ocrx_word' id='word_1_34' title='bbox 902 504 989 548; x_wconf 84' lang='lat' dir='ltr'>Ro.</span> <span class='ocrx_word' id='word_1_35' title='bbox 1025 503 1200 550; x_wconf 79' lang='lat' dir='ltr'><strong>indidit.</strong></span> <span class='ocrx_word' id='word_1_36' title='bbox 1266 505 1410 550; x_wconf 80' lang='lat' dir='ltr'><strong>Erant</strong></span> <span class='ocrx_word' id='word_1_37' title='bbox 1453 513 1619 561; x_wconf 84' lang='lat' dir='ltr'>tamen,</span> 
     </span>
     <span class='ocr_line' id='line_1_6' title="bbox 235 571 1606 635; baseline 0.004 -20"><span class='ocrx_word' id='word_1_38' title='bbox 235 573 316 630; x_wconf 89' lang='lat' dir='ltr'>qui</span> <span class='ocrx_word' id='word_1_39' title='bbox 350 571 475 617; x_wconf 92' lang='lat' dir='ltr'>hunc</span> <span class='ocrx_word' id='word_1_40' title='bbox 509 572 815 617; x_wconf 83' lang='lat' dir='ltr'>felicissimum</span> <span class='ocrx_word' id='word_1_41' title='bbox 858 578 1019 618; x_wconf 81' lang='lat' dir='ltr'>statum</span> <span class='ocrx_word' id='word_1_42' title='bbox 1066 572 1275 619; x_wconf 83' lang='lat' dir='ltr'>odissent.</span> <span class='ocrx_word' id='word_1_43' title='bbox 1346 575 1532 635; x_wconf 75' lang='lat' dir='ltr'>Quippe</span> <span class='ocrx_word' id='word_1_44' title='bbox 1564 576 1606 620; x_wconf 93' lang='lat' dir='ltr'>L</span> 
     </span>
     <span class='ocr_line' id='line_1_7' title="bbox 233 639 1617 703; baseline 0.003 -18"><span class='ocrx_word' id='word_1_45' title='bbox 233 640 460 697; x_wconf 88' lang='lat' dir='ltr'>Murena,</span> <span class='ocrx_word' id='word_1_46' title='bbox 496 639 540 685; x_wconf 88' lang='lat' dir='ltr'>et</span> <span class='ocrx_word' id='word_1_47' title='bbox 573 641 769 686; x_wconf 86' lang='lat' dir='ltr'>Fannius</span> <span class='ocrx_word' id='word_1_48' title='bbox 803 641 978 702; x_wconf 75' lang='lat' dir='ltr'>Cepia,</span> <span class='ocrx_word' id='word_1_49' title='bbox 1031 641 1215 688; x_wconf 85' lang='lat' dir='ltr'>diversis</span> <span class='ocrx_word' id='word_1_50' title='bbox 1248 644 1445 689; x_wconf 86' lang='lat' dir='ltr'>moribus</span> <span class='ocrx_word' id='word_1_51' title='bbox 1481 646 1617 703; x_wconf 84' lang='lat' dir='ltr'>(nam</span> 
     </span>
     <span class='ocr_line' id='line_1_8' title="bbox 232 709 1617 773; baseline 0.004 -20"><span class='ocrx_word' id='word_1_52' title='bbox 232 709 431 754; x_wconf 87' lang='lat' dir='ltr'>Murena</span> <span class='ocrx_word' id='word_1_53' title='bbox 464 710 557 755; x_wconf 78' lang='lat' dir='ltr'>sine</span> <span class='ocrx_word' id='word_1_54' title='bbox 590 709 685 757; x_wconf 92' lang='lat' dir='ltr'>hoc</span> <span class='ocrx_word' id='word_1_55' title='bbox 722 711 924 757; x_wconf 87' lang='lat' dir='ltr'>facinore</span> <span class='ocrx_word' id='word_1_56' title='bbox 956 712 1104 773; x_wconf 87' lang='lat' dir='ltr'>potuit</span> <span class='ocrx_word' id='word_1_57' title='bbox 1127 712 1270 757; x_wconf 85' lang='lat' dir='ltr'>videri</span> <span class='ocrx_word' id='word_1_58' title='bbox 1293 714 1448 769; x_wconf 78' lang='lat' dir='ltr'>bonuS‚</span> <span class='ocrx_word' id='word_1_59' title='bbox 1471 714 1617 773; x_wconf 86' lang='lat' dir='ltr'>Cepio</span> 
     </span>
     <span class='ocr_line' id='line_1_9' title="bbox 234 779 1621 841; baseline 0.003 -17"><span class='ocrx_word' id='word_1_60' title='bbox 234 785 281 824; x_wconf 87' lang='lat' dir='ltr'>et</span> <span class='ocrx_word' id='word_1_61' title='bbox 313 779 408 825; x_wconf 88' lang='lat' dir='ltr'>hoc</span> <span class='ocrx_word' id='word_1_62' title='bbox 442 785 544 824; x_wconf 86' lang='lat' dir='ltr'>ante</span> <span class='ocrx_word' id='word_1_63' title='bbox 579 785 676 829; x_wconf 82' lang='lat' dir='ltr'>erat</span> <span class='ocrx_word' id='word_1_64' title='bbox 709 781 962 841; x_wconf 81' lang='lat' dir='ltr'>pessimus)</span> <span class='ocrx_word' id='word_1_65' title='bbox 1005 796 1109 827; x_wconf 90' lang='lat' dir='ltr'>cum</span> <span class='ocrx_word' id='word_1_66' title='bbox 1150 782 1330 827; x_wconf 76' lang='lat' dir='ltr'>inissent</span> <span class='ocrx_word' id='word_1_67' title='bbox 1380 783 1621 829; x_wconf 88' lang='lat' dir='ltr'>occidendi</span> 
     </span>
     <span class='ocr_line' id='line_1_10' title="bbox 235 847 1616 912; baseline 0.004 -19"><span class='ocrx_word' id='word_1_68' title='bbox 235 847 438 894; x_wconf 82' lang='lat' dir='ltr'>Caesaris</span> <span class='ocrx_word' id='word_1_69' title='bbox 474 849 683 904; x_wconf 86' lang='lat' dir='ltr'>consilia,</span> <span class='ocrx_word' id='word_1_70' title='bbox 718 850 924 909; x_wconf 83' lang='lat' dir='ltr'>oppressi</span> <span class='ocrx_word' id='word_1_71' title='bbox 959 851 1223 896; x_wconf 85' lang='lat' dir='ltr'>auctoritate</span> <span class='ocrx_word' id='word_1_72' title='bbox 1255 852 1454 912; x_wconf 87' lang='lat' dir='ltr'>publica,</span> <span class='ocrx_word' id='word_1_73' title='bbox 1489 853 1616 911; x_wconf 84' lang='lat' dir='ltr'>quod</span> 
     </span>
     <span class='ocr_line' id='line_1_11' title="bbox 193 918 1616 979; baseline 0.003 -17"><span class='ocrx_word' id='word_1_74' title='bbox 193 918 277 972; x_wconf 67' lang='lat' dir='ltr'>gvi</span> <span class='ocrx_word' id='word_1_75' title='bbox 314 918 467 963; x_wconf 84' lang='lat' dir='ltr'>facere</span> <span class='ocrx_word' id='word_1_76' title='bbox 510 918 764 975; x_wconf 84' lang='lat' dir='ltr'>voluerant,</span> <span class='ocrx_word' id='word_1_77' title='bbox 814 919 912 963; x_wconf 89' lang='lat' dir='ltr'>iure</span> <span class='ocrx_word' id='word_1_78' title='bbox 945 919 1064 979; x_wconf 82' lang='lat' dir='ltr'>passi</span> <span class='ocrx_word' id='word_1_79' title='bbox 1098 925 1209 964; x_wconf 86' lang='lat' dir='ltr'>sunt.</span> <span class='ocrx_word' id='word_1_80' title='bbox 1277 921 1438 979; x_wconf 89' lang='lat' dir='ltr'>Neque</span> <span class='ocrx_word' id='word_1_81' title='bbox 1473 923 1616 966; x_wconf 88' lang='lat' dir='ltr'>multo</span> 
     </span>
     <span class='ocr_line' id='line_1_12' title="bbox 231 987 1614 1050; baseline 0.003 -18"><span class='ocrx_word' id='word_1_82' title='bbox 231 993 338 1047; x_wconf 85' lang='lat' dir='ltr'>post</span> <span class='ocrx_word' id='word_1_83' title='bbox 380 987 530 1032; x_wconf 83' lang='lat' dir='ltr'>Rufus</span> <span class='ocrx_word' id='word_1_84' title='bbox 571 988 816 1048; x_wconf 83' lang='lat' dir='ltr'>Egnatius,</span> <span class='ocrx_word' id='word_1_85' title='bbox 861 1003 945 1048; x_wconf 89' lang='lat' dir='ltr'>per</span> <span class='ocrx_word' id='word_1_86' title='bbox 979 989 1132 1032; x_wconf 88' lang='lat' dir='ltr'>omnia</span> <span class='ocrx_word' id='word_1_87' title='bbox 1163 988 1426 1048; x_wconf 82' lang='lat' dir='ltr'>gladiatori,</span> <span class='ocrx_word' id='word_1_88' title='bbox 1478 1007 1614 1050; x_wconf 87' lang='lat' dir='ltr'>quam</span> 
     </span>
     <span class='ocr_line' id='line_1_13' title="bbox 233 1057 1614 1120; baseline 0.002 -19"><span class='ocrx_word' id='word_1_89' title='bbox 233 1057 453 1111; x_wconf 81' lang='lat' dir='ltr'>senatori,</span> <span class='ocrx_word' id='word_1_90' title='bbox 501 1058 716 1117; x_wconf 87' lang='lat' dir='ltr'>propior,</span> <span class='ocrx_word' id='word_1_91' title='bbox 761 1058 958 1119; x_wconf 87' lang='lat' dir='ltr'>collecto</span> <span class='ocrx_word' id='word_1_92' title='bbox 991 1058 1038 1103; x_wconf 92' lang='lat' dir='ltr'>in</span> <span class='ocrx_word' id='word_1_93' title='bbox 1073 1057 1298 1103; x_wconf 82' lang='lat' dir='ltr'>aedilitate</span> <span class='ocrx_word' id='word_1_94' title='bbox 1331 1059 1489 1104; x_wconf 86' lang='lat' dir='ltr'>favore</span> <span class='ocrx_word' id='word_1_95' title='bbox 1523 1075 1614 1120; x_wconf 90' lang='lat' dir='ltr'>po-</span> 
     </span>
     <span class='ocr_line' id='line_1_14' title="bbox 230 1126 1614 1187; baseline 0.004 -18"><span class='ocrx_word' id='word_1_96' title='bbox 230 1127 355 1186; x_wconf 89' lang='lat' dir='ltr'>puli,</span> <span class='ocrx_word' id='word_1_97' title='bbox 391 1140 528 1184; x_wconf 89' lang='lat' dir='ltr'>quem</span> <span class='ocrx_word' id='word_1_98' title='bbox 564 1126 875 1187; x_wconf 83' lang='lat' dir='ltr'>extinguendis</span> <span class='ocrx_word' id='word_1_99' title='bbox 908 1127 1082 1187; x_wconf 85' lang='lat' dir='ltr'>privata</span> <span class='ocrx_word' id='word_1_100' title='bbox 1115 1126 1287 1174; x_wconf 83' lang='lat' dir='ltr'>familia</span> <span class='ocrx_word' id='word_1_101' title='bbox 1319 1129 1534 1175; x_wconf 86' lang='lat' dir='ltr'>incendiis</span> <span class='ocrx_word' id='word_1_102' title='bbox 1569 1130 1614 1174; x_wconf 91' lang='lat' dir='ltr'>in</span> 
     </span>
    </p>
   </div>
   <div class='ocr_carea' id='block_1_3' title="bbox 230 1195 1686 1257">
    <p class='ocr_par' dir='ltr' id='par_1_3' title="bbox 230 1195 1686 1257">
     <span class='ocr_line' id='line_1_15' title="bbox 230 1195 1686 1257; baseline 0.002 -18"><span class='ocrx_word' id='word_1_103' title='bbox 230 1196 327 1240; x_wconf 89' lang='lat' dir='ltr'>dies</span> <span class='ocrx_word' id='word_1_104' title='bbox 362 1201 567 1252; x_wconf 85' lang='lat' dir='ltr'>auxerat,</span> <span class='ocrx_word' id='word_1_105' title='bbox 619 1195 665 1239; x_wconf 86' lang='lat' dir='ltr'>in</span> <span class='ocrx_word' id='word_1_106' title='bbox 705 1202 881 1240; x_wconf 85' lang='lat' dir='ltr'>tantum</span> <span class='ocrx_word' id='word_1_107' title='bbox 923 1196 1133 1254; x_wconf 86' lang='lat' dir='ltr'>quidem,</span> <span class='ocrx_word' id='word_1_108' title='bbox 1177 1202 1227 1241; x_wconf 92' lang='lat' dir='ltr'>ut</span> <span class='ocrx_word' id='word_1_109' title='bbox 1273 1197 1313 1241; x_wconf 90' lang='lat' dir='ltr'>ei</span> <span class='ocrx_word' id='word_1_110' title='bbox 1356 1205 1612 1257; x_wconf 85' lang='lat' dir='ltr'>praeturam</span> <span class='ocrx_word' id='word_1_111' title='bbox 1678 1210 1686 1219; x_wconf 82' lang='lat'><strong><em>‘</em></strong></span> 
     </span>
    </p>
   </div>
   <div class='ocr_carea' id='block_1_4' title="bbox 228 1265 1613 1394">
    <p class='ocr_par' dir='ltr' id='par_1_4' title="bbox 228 1265 1613 1394">
     <span class='ocr_line' id='line_1_16' title="bbox 229 1265 1611 1326; baseline 0.001 -16"><span class='ocrx_word' id='word_1_112' title='bbox 229 1265 531 1317; x_wconf 82' lang='lat' dir='ltr'>continuaret3</span> <span class='ocrx_word' id='word_1_113' title='bbox 581 1279 688 1309; x_wconf 86' lang='lat' dir='ltr'>mox</span> <span class='ocrx_word' id='word_1_114' title='bbox 744 1265 878 1309; x_wconf 80' lang='lat' dir='ltr'>etiam</span> <span class='ocrx_word' id='word_1_115' title='bbox 912 1265 1214 1324; x_wconf 87' lang='lat' dir='ltr'>consulatum</span> <span class='ocrx_word' id='word_1_116' title='bbox 1255 1272 1414 1326; x_wconf 87' lang='lat' dir='ltr'>petere</span> <span class='ocrx_word' id='word_1_117' title='bbox 1468 1283 1611 1323; x_wconf 80' lang='lat' dir='ltr'>ausus,</span> 
     </span>
     <span class='ocr_line' id='line_1_17' title="bbox 228 1332 1613 1394; baseline 0 -14"><span class='ocrx_word' id='word_1_118' title='bbox 228 1349 334 1380; x_wconf 89' lang='lat' dir='ltr'>cum</span> <span class='ocrx_word' id='word_1_119' title='bbox 370 1339 484 1379; x_wconf 87' lang='lat' dir='ltr'>esset</span> <span class='ocrx_word' id='word_1_120' title='bbox 517 1334 640 1377; x_wconf 90' lang='lat' dir='ltr'>omni</span> <span class='ocrx_word' id='word_1_121' title='bbox 683 1332 959 1394; x_wconf 82' lang='lat' dir='ltr'>flagitiorum</span> <span class='ocrx_word' id='word_1_122' title='bbox 999 1334 1310 1392; x_wconf 86' lang='lat' dir='ltr'>scelerumque</span> <span class='ocrx_word' id='word_1_123' title='bbox 1334 1337 1613 1381; x_wconf 85' lang='lat' dir='ltr'>&#39;conscientia</span> 
     </span>
    </p>
   </div>
   <div class='ocr_carea' id='block_1_5' title="bbox 154 1465 1613 2438">
    <p class='ocr_par' dir='ltr' id='par_1_5' title="bbox 154 1465 1613 1837">
     <span class='ocr_line' id='line_1_18' title="bbox 227 1465 1612 1522; baseline 0.001 -21"><span class='ocrx_word' id='word_1_124' title='bbox 227 1465 378 1502; x_wconf 82' lang='lat' dir='ltr'>correxit</span> <span class='ocrx_word' id='word_1_125' title='bbox 400 1465 586 1501; x_wconf 87' lang='lat' dir='ltr'>lectionem</span> <span class='ocrx_word' id='word_1_126' title='bbox 603 1466 696 1501; x_wconf 83' lang='lat' dir='ltr'>Edit.</span> <span class='ocrx_word' id='word_1_127' title='bbox 705 1477 764 1510; x_wconf 77' lang='lat' dir='ltr'>pr.</span> <span class='ocrx_word' id='word_1_128' title='bbox 780 1465 888 1500; x_wconf 76' lang='lat' dir='ltr'>Cras-</span> <span class='ocrx_word' id='word_1_129' title='bbox 955 1477 1047 1521; x_wconf 76' lang='lat' dir='ltr'>quae</span> <span class='ocrx_word' id='word_1_130' title='bbox 1067 1465 1104 1500; x_wconf 83' lang='lat' dir='ltr'>in</span> <span class='ocrx_word' id='word_1_131' title='bbox 1128 1466 1220 1522; x_wconf 59' lang='lat' dir='ltr'>Edit:</span> <span class='ocrx_word' id='word_1_132' title='bbox 1245 1479 1299 1511; x_wconf 84' lang='lat' dir='ltr'>pr.</span> <span class='ocrx_word' id='word_1_133' title='bbox 1323 1470 1396 1512; x_wconf 73' lang='lat' dir='ltr'>oet,</span> <span class='ocrx_word' id='word_1_134' title='bbox 1429 1467 1491 1522; x_wconf 46' lang='lat'>{1331</span> <span class='ocrx_word' id='word_1_135' title='bbox 1513 1479 1612 1502; x_wconf 85' lang='lat' dir='ltr'>men-</span> 
     </span>
     <span class='ocr_line' id='line_1_19' title="bbox 226 1513 1613 1604; baseline 0.001 -11"><span class='ocrx_word' id='word_1_136' title='bbox 226 1513 889 1604; x_wconf 49' lang='grc' dir='ltr'>ἴιίῃῗῗεὲῥςξὲἒᾙῗἷῖᾞὲοωξῗξῖίἶ</span> <span class='ocrx_word' id='word_1_137' title='bbox 953 1513 1354 1604; x_wconf 53' lang='lat'>33553512‘33223‘222252</span> <span class='ocrx_word' id='word_1_138' title='bbox 1374 1515 1613 1604; x_wconf 50' lang='lat'>&#39;3331302‘2350</span> 
     </span>
     <span class='ocr_line' id='line_1_20' title="bbox 226 1605 1611 1652; baseline -0.001 -11"><span class='ocrx_word' id='word_1_139' title='bbox 226 1606 424 1641; x_wconf 82' lang='lat' dir='ltr'>Salonitan</span> <span class='ocrx_word' id='word_1_140' title='bbox 449 1619 530 1652; x_wconf 82' lang='lat' dir='ltr'>pag.</span> <span class='ocrx_word' id='word_1_141' title='bbox 554 1607 613 1641; x_wconf 85' lang='lat'>31.</span> <span class='ocrx_word' id='word_1_142' title='bbox 639 1607 716 1641; x_wconf 82' lang='lat' dir='ltr'>Seio</span> <span class='ocrx_word' id='word_1_143' title='bbox 742 1607 889 1640; x_wconf 80' lang='lat' dir='ltr'>Dalma-</span> <span class='ocrx_word' id='word_1_144' title='bbox 955 1612 1054 1640; x_wconf 83' lang='lat' dir='ltr'>nunt.</span> <span class='ocrx_word' id='word_1_145' title='bbox 1099 1605 1242 1641; x_wconf 77' lang='lat' dir='ltr'>Sallust.</span> <span class='ocrx_word' id='word_1_146' title='bbox 1288 1608 1364 1652; x_wconf 82' lang='lat' dir='ltr'>lug.</span> <span class='ocrx_word' id='word_1_147' title='bbox 1407 1607 1485 1641; x_wconf 84' lang='lat'>101.</span> <span class='ocrx_word' id='word_1_148' title='bbox 1527 1618 1611 1652; x_wconf 81' lang='lat' dir='ltr'>quos</span> 
     </span>
     <span class='ocr_line' id='line_1_21' title="bbox 225 1650 1610 1698; baseline -0.001 -10"><span class='ocrx_word' id='word_1_149' title='bbox 225 1660 307 1696; x_wconf 83' lang='lat' dir='ltr'>tae,</span> <span class='ocrx_word' id='word_1_150' title='bbox 341 1653 474 1687; x_wconf 77' lang='lat' dir='ltr'>homini</span> <span class='ocrx_word' id='word_1_151' title='bbox 507 1655 613 1695; x_wconf 85' lang='lat' dir='ltr'>bono,</span> <span class='ocrx_word' id='word_1_152' title='bbox 647 1654 707 1698; x_wconf 81' lang='lat' dir='ltr'>qui</span> <span class='ocrx_word' id='word_1_153' title='bbox 729 1653 887 1686; x_wconf 81' lang='lat' dir='ltr'>incendio</span> <span class='ocrx_word' id='word_1_154' title='bbox 957 1654 1154 1691; x_wconf 80' lang='lat' dir='ltr'>advorsum.</span> <span class='ocrx_word' id='word_1_155' title='bbox 1180 1652 1253 1688; x_wconf 85' lang='lat' dir='ltr'>Cic.</span> <span class='ocrx_word' id='word_1_156' title='bbox 1278 1654 1322 1686; x_wconf 88' lang='lat' dir='ltr'>de</span> <span class='ocrx_word' id='word_1_157' title='bbox 1344 1653 1423 1688; x_wconf 84' lang='lat' dir='ltr'>Nat.</span> <span class='ocrx_word' id='word_1_158' title='bbox 1449 1650 1490 1687; x_wconf 88' lang='lat' dir='ltr'>D.</span> <span class='ocrx_word' id='word_1_159' title='bbox 1514 1651 1610 1688; x_wconf 74' lang='grc'><strong>11.“4.</strong></span> 
     </span>
     <span class='ocr_line' id='line_1_22' title="bbox 154 1699 1611 1746; baseline -0.001 -12"><span class='ocrx_word' id='word_1_160' title='bbox 154 1735 163 1741; x_wconf 69' lang='grc'>,</span> <span class='ocrx_word' id='word_1_161' title='bbox 223 1711 363 1746; x_wconf 81' lang='lat' dir='ltr'>pressus</span> <span class='ocrx_word' id='word_1_162' title='bbox 396 1705 469 1743; x_wconf 89' lang='lat' dir='ltr'>est,</span> <span class='ocrx_word' id='word_1_163' title='bbox 517 1701 661 1735; x_wconf 80' lang='lat' dir='ltr'>Aurelia</span> <span class='ocrx_word' id='word_1_164' title='bbox 712 1700 889 1733; x_wconf 71' lang='lat' dir='ltr'>Victorino</span> <span class='ocrx_word' id='word_1_165' title='bbox 955 1709 1039 1745; x_wconf 78' lang='lat' dir='ltr'>quos</span> <span class='ocrx_word' id='word_1_166' title='bbox 1073 1699 1134 1734; x_wconf 80' lang='lat' dir='ltr'>ad.</span> <span class='ocrx_word' id='word_1_167' title='bbox 1174 1699 1219 1733; x_wconf 76' lang='lat' dir='ltr'>ad</span> <span class='ocrx_word' id='word_1_168' title='bbox 1258 1700 1329 1734; x_wconf 73' lang='lat' dir='ltr'>Att.</span> <span class='ocrx_word' id='word_1_169' title='bbox 1371 1700 1413 1734; x_wconf 88' lang='lat' dir='ltr'>X.</span> <span class='ocrx_word' id='word_1_170' title='bbox 1449 1699 1484 1733; x_wconf 93' lang='lat'>4.</span> <span class='ocrx_word' id='word_1_171' title='bbox 1529 1710 1611 1744; x_wconf 72' lang='lat' dir='ltr'>quos</span> 
     </span>
     <span class='ocr_line' id='line_1_23' title="bbox 225 1745 1611 1792; baseline -0.002 -10"><span class='ocrx_word' id='word_1_172' title='bbox 225 1758 322 1782; x_wconf 72' lang='lat' dir='ltr'>uxor.</span> <span class='ocrx_word' id='word_1_173' title='bbox 356 1746 416 1780; x_wconf 85' lang='lat' dir='ltr'>ubi</span> <span class='ocrx_word' id='word_1_174' title='bbox 454 1758 634 1791; x_wconf 77' lang='lat' dir='ltr'>oppressus</span> <span class='ocrx_word' id='word_1_175' title='bbox 671 1747 761 1781; x_wconf 83' lang='lat' dir='ltr'>beno</span> <span class='ocrx_word' id='word_1_176' title='bbox 799 1745 889 1791; x_wconf 84' lang='lat' dir='ltr'>legit</span> <span class='ocrx_word' id='word_1_177' title='bbox 951 1750 1104 1792; x_wconf 80' lang='lat' dir='ltr'>propter.</span> <span class='ocrx_word' id='word_1_178' title='bbox 1150 1756 1215 1789; x_wconf 84' lang='lat' dir='ltr'>pro</span> <span class='ocrx_word' id='word_1_179' title='bbox 1255 1746 1393 1780; x_wconf 80' lang='lat' dir='ltr'>Mareu.</span> <span class='ocrx_word' id='word_1_180' title='bbox 1434 1745 1467 1779; x_wconf 89' lang='grc'>4.</span> <span class='ocrx_word' id='word_1_181' title='bbox 1509 1757 1611 1791; x_wconf 81' lang='lat' dir='ltr'>quem</span> 
     </span>
     <span class='ocr_line' id='line_1_24' title="bbox 227 1787 1609 1837; baseline -0.002 -9"><span class='ocrx_word' id='word_1_182' title='bbox 227 1795 281 1828; x_wconf 86' lang='lat' dir='ltr'>cl.</span> <span class='ocrx_word' id='word_1_183' title='bbox 317 1793 522 1827; x_wconf 79' lang='lat' dir='ltr'>Zacharias.</span> <span class='ocrx_word' id='word_1_184' title='bbox 955 1797 1086 1827; x_wconf 85' lang='lat' dir='ltr'>contra.</span> <span class='ocrx_word' id='word_1_185' title='bbox 1109 1804 1174 1836; x_wconf 87' lang='lat' dir='ltr'>pro</span> <span class='ocrx_word' id='word_1_186' title='bbox 1197 1793 1283 1837; x_wconf 84' lang='lat' dir='ltr'>Leg.</span> <span class='ocrx_word' id='word_1_187' title='bbox 1306 1792 1431 1827; x_wconf 85' lang='lat' dir='ltr'>Manil.</span> <span class='ocrx_word' id='word_1_188' title='bbox 1445 1787 1512 1826; x_wconf 87' lang='lat'>&#39;.16</span> <span class='ocrx_word' id='word_1_189' title='bbox 1544 1804 1609 1837; x_wconf 80' lang='lat' dir='ltr'>quo</span> 
     </span>
    </p>

    <p class='ocr_par' dir='ltr' id='par_1_6' title="bbox 157 1838 1610 2438">
     <span class='ocr_line' id='line_1_25' title="bbox 273 1838 1610 1884; baseline -0.001 -11"><span class='ocrx_word' id='word_1_190' title='bbox 273 1840 372 1882; x_wconf 75' lang='lat' dir='ltr'>Quod</span> <span class='ocrx_word' id='word_1_191' title='bbox 392 1851 581 1884; x_wconf 80' lang='lat' dir='ltr'>cognomen</span> <span class='ocrx_word' id='word_1_192' title='bbox 603 1839 656 1873; x_wconf 82' lang='lat' dir='ltr'>illi</span> <span class='ocrx_word' id='word_1_193' title='bbox 678 1839 764 1881; x_wconf 78' lang='lat' dir='ltr'>viro,</span> <span class='ocrx_word' id='word_1_194' title='bbox 778 1838 888 1872; x_wconf 86' lang='lat' dir='ltr'>Plan·</span> <span class='ocrx_word' id='word_1_195' title='bbox 954 1840 1011 1874; x_wconf 85' lang='lat' dir='ltr'>de.</span> <span class='ocrx_word' id='word_1_196' title='bbox 1035 1838 1149 1883; x_wconf 80' lang='lat' dir='ltr'>Nepos</span> <span class='ocrx_word' id='word_1_197' title='bbox 1170 1839 1296 1883; x_wconf 81' lang='lat' dir='ltr'>Epam.</span> <span class='ocrx_word' id='word_1_198' title='bbox 1319 1838 1354 1873; x_wconf 91' lang='grc'>4.</span> <span class='ocrx_word' id='word_1_199' title='bbox 1386 1839 1610 1872; x_wconf 78' lang='lat' dir='ltr'>Diomedonte</span> 
     </span>
     <span class='ocr_line' id='line_1_26' title="bbox 224 1884 1608 1928; baseline 0 -9"><span class='ocrx_word' id='word_1_200' title='bbox 224 1886 257 1919; x_wconf 78' lang='grc' dir='ltr'>εἰ</span> <span class='ocrx_word' id='word_1_201' title='bbox 278 1886 451 1919; x_wconf 80' lang='lat' dir='ltr'>sententia</span> <span class='ocrx_word' id='word_1_202' title='bbox 473 1891 539 1920; x_wconf 86' lang='lat' dir='ltr'>etc.</span> <span class='ocrx_word' id='word_1_203' title='bbox 557 1886 694 1928; x_wconf 78' lang='lat' dir='ltr'>Nescio,</span> <span class='ocrx_word' id='word_1_204' title='bbox 720 1896 764 1919; x_wconf 76' lang='lat' dir='ltr'>an</span> <span class='ocrx_word' id='word_1_205' title='bbox 788 1885 889 1919; x_wconf 81' lang='lat' dir='ltr'>dam-</span> <span class='ocrx_word' id='word_1_206' title='bbox 954 1896 1082 1919; x_wconf 87' lang='lat' dir='ltr'>co.ram</span> <span class='ocrx_word' id='word_1_207' title='bbox 1107 1885 1224 1920; x_wconf 85' lang='lat' dir='ltr'>Tacit.</span> <span class='ocrx_word' id='word_1_208' title='bbox 1248 1887 1334 1919; x_wconf 89' lang='lat' dir='ltr'>Ann.</span> <span class='ocrx_word' id='word_1_209' title='bbox 1367 1885 1425 1919; x_wconf 87' lang='lat' dir='ltr'>lv.</span> <span class='ocrx_word' id='word_1_210' title='bbox 1449 1884 1484 1919; x_wconf 90' lang='grc'>5.</span> <span class='ocrx_word' id='word_1_211' title='bbox 1516 1885 1608 1919; x_wconf 77' lang='lat' dir='ltr'>Rhe-</span> 
     </span>
     <span class='ocr_line' id='line_1_27' title="bbox 224 1930 1607 1977; baseline -0.001 -11"><span class='ocrx_word' id='word_1_212' title='bbox 224 1931 379 1966; x_wconf 81' lang='lat' dir='ltr'>nandum</span> <span class='ocrx_word' id='word_1_213' title='bbox 422 1932 468 1967; x_wconf 85' lang='lat' dir='ltr'>sit</span> <span class='ocrx_word' id='word_1_214' title='bbox 507 1933 559 1977; x_wconf 67' lang='lat' dir='ltr'>illa}</span> <span class='ocrx_word' id='word_1_215' title='bbox 589 1933 664 1966; x_wconf 84' lang='lat' dir='ltr'>viro</span> <span class='ocrx_word' id='word_1_216' title='bbox 703 1943 766 1975; x_wconf 82' lang='lat' dir='ltr'>pro</span> <span class='ocrx_word' id='word_1_217' title='bbox 800 1931 887 1964; x_wconf 79' lang='lat' dir='ltr'>sim-</span> <span class='ocrx_word' id='word_1_218' title='bbox 953 1943 1037 1965; x_wconf 85' lang='lat' dir='ltr'>num</span> <span class='ocrx_word' id='word_1_219' title='bbox 1059 1932 1169 1965; x_wconf 73' lang='lat' dir='ltr'>iuxta.</span> <span class='ocrx_word' id='word_1_220' title='bbox 1195 1931 1291 1967; x_wconf 84' lang='lat' dir='ltr'><strong>XIII.</strong></span> <span class='ocrx_word' id='word_1_221' title='bbox 1306 1930 1372 1965; x_wconf 92' lang='grc'>47.</span> <span class='ocrx_word' id='word_1_222' title='bbox 1406 1933 1525 1965; x_wconf 86' lang='lat' dir='ltr'>urbem</span> <span class='ocrx_word' id='word_1_223' title='bbox 1549 1942 1607 1964; x_wconf 73' lang='lat' dir='ltr'>ea:-</span> 
     </span>
     <span class='ocr_line' id='line_1_28' title="bbox 222 1977 1609 2023; baseline -0.001 -11"><span class='ocrx_word' id='word_1_224' title='bbox 222 1979 307 2023; x_wconf 87' lang='lat' dir='ltr'>plici</span> <span class='ocrx_word' id='word_1_225' title='bbox 340 1979 403 2012; x_wconf 76' lang='lat' dir='ltr'>illi.</span> <span class='ocrx_word' id='word_1_226' title='bbox 441 1977 564 2014; x_wconf 82' lang='lat' dir='ltr'>Cicero</span> <span class='ocrx_word' id='word_1_227' title='bbox 597 1979 643 2013; x_wconf 83' lang='lat' dir='ltr'>ad</span> <span class='ocrx_word' id='word_1_228' title='bbox 676 1978 758 2012; x_wconf 83' lang='lat' dir='ltr'>niv.</span> <span class='ocrx_word' id='word_1_229' title='bbox 789 1978 819 2014; x_wconf 89' lang='grc' dir='ltr'>Ι.</span> <span class='ocrx_word' id='word_1_230' title='bbox 847 1977 883 2012; x_wconf 83' lang='grc'><strong>9.</strong></span> <span class='ocrx_word' id='word_1_231' title='bbox 951 1980 1020 2012; x_wconf 75' lang='lat' dir='ltr'>tra.</span> <span class='ocrx_word' id='word_1_232' title='bbox 1051 1977 1210 2011; x_wconf 86' lang='lat' dir='ltr'>Eundem</span> <span class='ocrx_word' id='word_1_233' title='bbox 1243 1977 1348 2012; x_wconf 75' lang='lat' dir='ltr'>etiam</span> <span class='ocrx_word' id='word_1_234' title='bbox 1372 1977 1489 2011; x_wconf 91' lang='lat' dir='ltr'>locum</span> <span class='ocrx_word' id='word_1_235' title='bbox 1512 1982 1609 2021; x_wconf 83' lang='lat' dir='ltr'>ante,</span> 
     </span>
     <span class='ocr_line' id='line_1_29' title="bbox 222 2023 1608 2071; baseline -0.002 -12"><span class='ocrx_word' id='word_1_236' title='bbox 222 2036 314 2071; x_wconf 82' lang='lat' dir='ltr'>quae</span> <span class='ocrx_word' id='word_1_237' title='bbox 346 2026 432 2059; x_wconf 77' lang='lat' dir='ltr'>mihi</span> <span class='ocrx_word' id='word_1_238' title='bbox 456 2026 658 2067; x_wconf 83' lang='lat' dir='ltr'>videbatur,</span> <span class='ocrx_word' id='word_1_239' title='bbox 694 2024 883 2058; x_wconf 76' lang='lat' dir='ltr'>contentio-</span> <span class='ocrx_word' id='word_1_240' title='bbox 952 2025 1003 2062; x_wconf 19' lang='lat' dir='ltr'>de&gt;</span> <span class='ocrx_word' id='word_1_241' title='bbox 1027 2035 1096 2068; x_wconf 85' lang='lat' dir='ltr'>qua</span> <span class='ocrx_word' id='word_1_242' title='bbox 1119 2024 1236 2058; x_wconf 85' lang='lat' dir='ltr'>dicere</span> <span class='ocrx_word' id='word_1_243' title='bbox 1267 2023 1466 2067; x_wconf 76' lang='lat' dir='ltr'>coepimus,</span> <span class='ocrx_word' id='word_1_244' title='bbox 1499 2023 1608 2057; x_wconf 80' lang='lat' dir='ltr'>inter-</span> 
     </span>
     <span class='ocr_line' id='line_1_30' title="bbox 222 2069 1608 2114; baseline -0.001 -9"><span class='ocrx_word' id='word_1_245' title='bbox 222 2083 303 2105; x_wconf 86' lang='lat' dir='ltr'>nem</span> <span class='ocrx_word' id='word_1_246' title='bbox 337 2084 414 2106; x_wconf 83' lang='lat' dir='ltr'>cum</span> <span class='ocrx_word' id='word_1_247' title='bbox 448 2073 518 2106; x_wconf 78' lang='lat' dir='ltr'>illis</span> <span class='ocrx_word' id='word_1_248' title='bbox 553 2073 638 2106; x_wconf 76' lang='lat' dir='ltr'>viris</span> <span class='ocrx_word' id='word_1_249' title='bbox 669 2072 759 2105; x_wconf 88' lang='lat' dir='ltr'>nollc</span> <span class='ocrx_word' id='word_1_250' title='bbox 783 2070 881 2114; x_wconf 76' lang='lat' dir='ltr'>ficri·</span> <span class='ocrx_word' id='word_1_251' title='bbox 951 2071 1035 2104; x_wconf 82' lang='lat' dir='ltr'>dum</span> <span class='ocrx_word' id='word_1_252' title='bbox 1081 2074 1183 2104; x_wconf 87' lang='lat' dir='ltr'>tenet.</span> <span class='ocrx_word' id='word_1_253' title='bbox 1233 2069 1349 2114; x_wconf 76' lang='lat' dir='ltr'>Nepos</span> <span class='ocrx_word' id='word_1_254' title='bbox 1398 2070 1527 2104; x_wconf 78' lang='lat' dir='ltr'>Chabr.</span> <span class='ocrx_word' id='word_1_255' title='bbox 1572 2069 1608 2104; x_wconf 81' lang='lat'>3.</span> 
     </span>
     <span class='ocr_line' id='line_1_31' title="bbox 223 2116 1608 2162; baseline 0 -11"><span class='ocrx_word' id='word_1_256' title='bbox 223 2118 363 2151; x_wconf 85' lang='lat' dir='ltr'>Tamen</span> <span class='ocrx_word' id='word_1_257' title='bbox 397 2118 534 2152; x_wconf 77' lang='lat' dir='ltr'>animus</span> <span class='ocrx_word' id='word_1_258' title='bbox 567 2117 684 2162; x_wconf 76' lang='lat' dir='ltr'>magis</span> <span class='ocrx_word' id='word_1_259' title='bbox 726 2117 882 2158; x_wconf 81' lang='lat' dir='ltr'>inclinat,</span> <span class='ocrx_word' id='word_1_260' title='bbox 951 2129 1057 2161; x_wconf 83' lang='lat' dir='ltr'>quam</span> <span class='ocrx_word' id='word_1_261' title='bbox 1080 2118 1177 2150; x_wconf 72' lang='grc' dir='ltr'><strong>ἅπτε.</strong></span> <span class='ocrx_word' id='word_1_262' title='bbox 1198 2116 1291 2151; x_wconf 89' lang='lat' dir='ltr'>Plin.</span> <span class='ocrx_word' id='word_1_263' title='bbox 1323 2116 1372 2152; x_wconf 87' lang='lat' dir='ltr'>H.</span> <span class='ocrx_word' id='word_1_264' title='bbox 1395 2116 1438 2150; x_wconf 91' lang='lat' dir='ltr'>N.</span> <span class='ocrx_word' id='word_1_265' title='bbox 1462 2116 1608 2151; x_wconf 80' lang='lat' dir='ltr'>XXXV.</span> 
     </span>
     <span class='ocr_line' id='line_1_32' title="bbox 222 2163 1608 2210; baseline -0.002 -12"><span class='ocrx_word' id='word_1_266' title='bbox 222 2169 262 2199; x_wconf 87' lang='lat' dir='ltr'>ut</span> <span class='ocrx_word' id='word_1_267' title='bbox 293 2166 430 2210; x_wconf 81' lang='lat' dir='ltr'>legam:</span> <span class='ocrx_word' id='word_1_268' title='bbox 476 2165 570 2210; x_wconf 76' lang='lat' dir='ltr'>quod</span> <span class='ocrx_word' id='word_1_269' title='bbox 610 2175 799 2210; x_wconf 77' lang='lat' dir='ltr'>cognomen</span> <span class='ocrx_word' id='word_1_270' title='bbox 829 2163 883 2197; x_wconf 77' lang='lat' dir='ltr'>illi</span> <span class='ocrx_word' id='word_1_271' title='bbox 951 2163 1010 2198; x_wconf 86' lang='lat'>10.</span> <span class='ocrx_word' id='word_1_272' title='bbox 1043 2164 1161 2197; x_wconf 82' lang='lat' dir='ltr'>omnia</span> <span class='ocrx_word' id='word_1_273' title='bbox 1183 2168 1278 2197; x_wconf 82' lang='lat' dir='ltr'>ante.</span> <span class='ocrx_word' id='word_1_274' title='bbox 1320 2163 1382 2196; x_wconf 87' lang='lat' dir='ltr'>ubi</span> <span class='ocrx_word' id='word_1_275' title='bbox 1407 2163 1487 2196; x_wconf 82' lang='lat' dir='ltr'>vide</span> <span class='ocrx_word' id='word_1_276' title='bbox 1511 2163 1608 2196; x_wconf 81' lang='lat' dir='ltr'>Gro-</span> 
     </span>
     <span class='ocr_line' id='line_1_33' title="bbox 221 2208 1607 2254; baseline -0.003 -9"><span class='ocrx_word' id='word_1_277' title='bbox 221 2223 327 2254; x_wconf 87' lang='lat' dir='ltr'>verc,</span> <span class='ocrx_word' id='word_1_278' title='bbox 367 2212 490 2246; x_wconf 81' lang='lat' dir='ltr'>Planci</span> <span class='ocrx_word' id='word_1_279' title='bbox 512 2212 706 2252; x_wconf 81' lang='lat' dir='ltr'>sententia,</span> <span class='ocrx_word' id='word_1_280' title='bbox 742 2221 883 2244; x_wconf 85' lang='lat' dir='ltr'>consen·</span> <span class='ocrx_word' id='word_1_281' title='bbox 950 2209 1106 2245; x_wconf 86' lang='lat' dir='ltr'>novium.</span> <span class='ocrx_word' id='word_1_282' title='bbox 1145 2209 1245 2244; x_wconf 85' lang='lat' dir='ltr'>Aliae</span> <span class='ocrx_word' id='word_1_283' title='bbox 1275 2213 1392 2243; x_wconf 78' lang='lat' dir='ltr'>tamen</span> <span class='ocrx_word' id='word_1_284' title='bbox 1424 2208 1503 2242; x_wconf 82' lang='lat' dir='ltr'>aliis</span> <span class='ocrx_word' id='word_1_285' title='bbox 1535 2209 1607 2242; x_wconf 82' lang='lat' dir='ltr'>fre-</span> 
     </span>
     <span class='ocr_line' id='line_1_34' title="bbox 157 2255 1606 2300; baseline -0.003 -8"><span class='ocrx_word' id='word_1_286' title='bbox 157 2287 159 2289; x_wconf 90' lang='lat'>.</span> <span class='ocrx_word' id='word_1_287' title='bbox 221 2269 281 2292; x_wconf 78' lang='lat' dir='ltr'>sus</span> <span class='ocrx_word' id='word_1_288' title='bbox 303 2261 369 2292; x_wconf 88' lang='lat' dir='ltr'>etc.</span> <span class='ocrx_word' id='word_1_289' title='bbox 386 2258 510 2292; x_wconf 79' lang='lat' dir='ltr'>Planci</span> <span class='ocrx_word' id='word_1_290' title='bbox 524 2258 698 2292; x_wconf 80' lang='lat' dir='ltr'>sententia</span> <span class='ocrx_word' id='word_1_291' title='bbox 717 2256 753 2291; x_wconf 90' lang='lat' dir='ltr'>in</span> <span class='ocrx_word' id='word_1_292' title='bbox 774 2257 880 2291; x_wconf 77' lang='lat' dir='ltr'>ablat.</span> <span class='ocrx_word' id='word_1_293' title='bbox 949 2256 1108 2300; x_wconf 81' lang='lat' dir='ltr'>quentius</span> <span class='ocrx_word' id='word_1_294' title='bbox 1124 2255 1228 2295; x_wconf 62' lang='lat' dir='ltr'>rcaiani</span> <span class='ocrx_word' id='word_1_295' title='bbox 1249 2265 1312 2289; x_wconf 74' lang='lat' dir='ltr'>suo</span> <span class='ocrx_word' id='word_1_296' title='bbox 1344 2259 1606 2300; x_wconf 80' lang='lat' dir='ltr'>postponuntur,</span> 
     </span>
     <span class='ocr_line' id='line_1_35' title="bbox 221 2301 1607 2349; baseline -0.001 -12"><span class='ocrx_word' id='word_1_297' title='bbox 221 2305 443 2349; x_wconf 83' lang='lat' dir='ltr'>capiendum.</span> <span class='ocrx_word' id='word_1_298' title='bbox 479 2304 658 2339; x_wconf 87' lang='lat' dir='ltr'>Censorin.</span> <span class='ocrx_word' id='word_1_299' title='bbox 693 2304 735 2338; x_wconf 87' lang='lat' dir='ltr'>de</span> <span class='ocrx_word' id='word_1_300' title='bbox 767 2304 813 2337; x_wconf 88' lang='lat' dir='ltr'>D.</span> <span class='ocrx_word' id='word_1_301' title='bbox 836 2301 879 2338; x_wconf 89' lang='lat' dir='ltr'>N.</span> <span class='ocrx_word' id='word_1_302' title='bbox 948 2314 983 2338; x_wconf 76' lang='lat' dir='ltr'>v-</span> <span class='ocrx_word' id='word_1_303' title='bbox 1008 2314 1038 2337; x_wconf 89' lang='lat' dir='ltr'>c.</span> <span class='ocrx_word' id='word_1_304' title='bbox 1074 2313 1190 2336; x_wconf 89' lang='lat' dir='ltr'>coram</span> <span class='ocrx_word' id='word_1_305' title='bbox 1213 2301 1438 2346; x_wconf 74' lang='lat' dir='ltr'>saepissime,</span> <span class='ocrx_word' id='word_1_306' title='bbox 1472 2301 1515 2334; x_wconf 87' lang='lat' dir='ltr'>de</span> <span class='ocrx_word' id='word_1_307' title='bbox 1537 2311 1607 2343; x_wconf 76' lang='lat' dir='ltr'>qua</span> 
     </span>
     <span class='ocr_line' id='line_1_36' title="bbox 220 2347 1603 2395; baseline -0.003 -10.994"><span class='ocrx_word' id='word_1_308' title='bbox 220 2351 279 2385; x_wconf 82' lang='lat'>21.</span> <span class='ocrx_word' id='word_1_309' title='bbox 321 2352 514 2395; x_wconf 84' lang='lat' dir='ltr'>Imperator</span> <span class='ocrx_word' id='word_1_310' title='bbox 558 2352 709 2392; x_wconf 85' lang='lat' dir='ltr'>Caesar,</span> <span class='ocrx_word' id='word_1_311' title='bbox 753 2350 800 2384; x_wconf 89' lang='lat' dir='ltr'>D.</span> <span class='ocrx_word' id='word_1_312' title='bbox 837 2348 879 2384; x_wconf 87' lang='lat' dir='ltr'>F.</span> <span class='ocrx_word' id='word_1_313' title='bbox 947 2349 1028 2383; x_wconf 79' lang='lat' dir='ltr'>vide</span> <span class='ocrx_word' id='word_1_314' title='bbox 1051 2349 1274 2391; x_wconf 83' lang='lat' dir='ltr'>Oudendorp.</span> <span class='ocrx_word' id='word_1_315' title='bbox 1289 2348 1334 2381; x_wconf 80' lang='lat' dir='ltr'>nd</span> <span class='ocrx_word' id='word_1_316' title='bbox 1356 2348 1499 2381; x_wconf 78' lang='lat' dir='ltr'>Sueton.</span> <span class='ocrx_word' id='word_1_317' title='bbox 1514 2347 1603 2392; x_wconf 82' lang='lat' dir='ltr'>Aug.</span> 
     </span>
     <span class='ocr_line' id='line_1_37' title="bbox 220 2376 1389 2438; baseline -0.002 -8"><span class='ocrx_word' id='word_1_318' title='bbox 220 2399 394 2432; x_wconf 78' lang='lat' dir='ltr'>sententia</span> <span class='ocrx_word' id='word_1_319' title='bbox 428 2398 470 2432; x_wconf 80' lang='lat' dir='ltr'>L.</span> <span class='ocrx_word' id='word_1_320' title='bbox 503 2398 658 2432; x_wconf 80' lang='lat' dir='ltr'>Munatii</span> <span class='ocrx_word' id='word_1_321' title='bbox 689 2376 831 2437; x_wconf 80' lang='lat' dir='ltr'>Planci,</span> <span class='ocrx_word' id='word_1_322' title='bbox 855 2407 880 2429; x_wconf 87' lang='lat' dir='ltr'>a</span> <span class='ocrx_word' id='word_1_323' title='bbox 945 2396 1004 2432; x_wconf 77' lang='lat'>69.</span> <span class='ocrx_word' id='word_1_324' title='bbox 1027 2392 1126 2430; x_wconf 58' lang='lat' dir='ltr'>tenua</span> <span class='ocrx_word' id='word_1_325' title='bbox 1145 2395 1223 2428; x_wconf 78' lang='lat' dir='ltr'>fere</span> <span class='ocrx_word' id='word_1_326' title='bbox 1243 2405 1389 2438; x_wconf 81' lang='lat' dir='ltr'>semper.</span> 
     </span>
    </p>
   </div>
   <div class='ocr_carea' id='block_1_6' title="bbox 215 2443 1606 2779">
    <p class='ocr_par' dir='ltr' id='par_1_7' title="bbox 218 2443 1606 2536">
     <span class='ocr_line' id='line_1_38' title="bbox 219 2443 1606 2496; baseline -0.001 -19"><span class='ocrx_word' id='word_1_327' title='bbox 219 2449 367 2486; x_wconf 78' lang='lat' dir='ltr'>senatu,</span> <span class='ocrx_word' id='word_1_328' title='bbox 401 2446 586 2490; x_wconf 79' lang='lat' dir='ltr'>ceterisque</span> <span class='ocrx_word' id='word_1_329' title='bbox 618 2444 767 2486; x_wconf 83' lang='lat' dir='ltr'>civibus,</span> <span class='ocrx_word' id='word_1_330' title='bbox 804 2443 879 2477; x_wconf 83' lang='lat' dir='ltr'>Au·</span> <span class='ocrx_word' id='word_1_331' title='bbox 997 2455 1030 2496; x_wconf 77' lang='lat'>§-</span> <span class='ocrx_word' id='word_1_332' title='bbox 1055 2452 1090 2487; x_wconf 72' lang='lat'>3,</span> <span class='ocrx_word' id='word_1_333' title='bbox 1116 2464 1192 2486; x_wconf 67' lang='lat' dir='ltr'>cum</span> <span class='ocrx_word' id='word_1_334' title='bbox 1216 2457 1302 2487; x_wconf 58' lang='lat' dir='ltr'>esset</span> <span class='ocrx_word' id='word_1_335' title='bbox 1324 2452 1417 2486; x_wconf 73' lang='lat' dir='ltr'><strong>omm·</strong></span> <span class='ocrx_word' id='word_1_336' title='bbox 1442 2451 1606 2496; x_wconf 58' lang='lat' dir='ltr'>flagitio-</span> 
     </span>
     <span class='ocr_line' id='line_1_39' title="bbox 218 2493 1604 2536; baseline -0.004 -1"><span class='ocrx_word' id='word_1_337' title='bbox 218 2496 344 2535; x_wconf 62' lang='lat' dir='ltr'>g²⁴⁸t²¹⁸</span> <span class='ocrx_word' id='word_1_338' title='bbox 368 2493 566 2536; x_wconf 60' lang='grc' dir='ltr'>αΡΡίῑῑιαΐυ8</span> <span class='ocrx_word' id='word_1_339' title='bbox 591 2496 652 2527; x_wconf 63' lang='lat' dir='ltr'>est·</span> <span class='ocrx_word' id='word_1_340' title='bbox 950 2506 1028 2534; x_wconf 67' lang='lat' dir='ltr'>rum</span> <span class='ocrx_word' id='word_1_341' title='bbox 1059 2501 1126 2533; x_wconf 78' lang='lat' dir='ltr'>etc.</span> <span class='ocrx_word' id='word_1_342' title='bbox 1173 2500 1226 2533; x_wconf 90' lang='lat' dir='ltr'>De</span> <span class='ocrx_word' id='word_1_343' title='bbox 1267 2499 1338 2532; x_wconf 87' lang='lat' dir='ltr'>hoc</span> <span class='ocrx_word' id='word_1_344' title='bbox 1379 2499 1457 2532; x_wconf 83' lang='lat' dir='ltr'>loco</span> <span class='ocrx_word' id='word_1_345' title='bbox 1492 2497 1604 2531; x_wconf 83' lang='lat' dir='ltr'>rixan-</span> 
     </span>
    </p>

    <p class='ocr_par' dir='ltr' id='par_1_8' title="bbox 215 2544 1606 2779">
     <span class='ocr_line' id='line_1_40' title="bbox 263 2544 1606 2593; baseline -0.004 -10"><span class='ocrx_word' id='word_1_346' title='bbox 263 2549 296 2593; x_wconf 82' lang='lat'>§.</span> <span class='ocrx_word' id='word_1_347' title='bbox 328 2549 376 2583; x_wconf 51' lang='lat'>2&lt;</span> <span class='ocrx_word' id='word_1_348' title='bbox 394 2555 429 2584; x_wconf 82' lang='lat' dir='ltr'>et</span> <span class='ocrx_word' id='word_1_349' title='bbox 463 2550 526 2583; x_wconf 78' lang='lat' dir='ltr'>hoc</span> <span class='ocrx_word' id='word_1_350' title='bbox 560 2553 643 2583; x_wconf 79' lang='lat' dir='ltr'>ante</span> <span class='ocrx_word' id='word_1_351' title='bbox 674 2552 753 2582; x_wconf 83' lang='lat' dir='ltr'>emt</span> <span class='ocrx_word' id='word_1_352' title='bbox 773 2548 881 2591; x_wconf 80' lang='lat' dir='ltr'>pessi-</span> <span class='ocrx_word' id='word_1_353' title='bbox 950 2550 1003 2581; x_wconf 78' lang='lat' dir='ltr'>tes</span> <span class='ocrx_word' id='word_1_354' title='bbox 1035 2546 1258 2579; x_wconf 74' lang='lat' dir='ltr'>Burmannus</span> <span class='ocrx_word' id='word_1_355' title='bbox 1297 2548 1332 2579; x_wconf 87' lang='lat' dir='ltr'>et</span> <span class='ocrx_word' id='word_1_356' title='bbox 1361 2544 1606 2588; x_wconf 66' lang='lat' dir='ltr'>Wopkensim,</span> 
     </span>
     <span class='ocr_line' id='line_1_41' title="bbox 217 2591 1603 2639; baseline -0.004 -11"><span class='ocrx_word' id='word_1_357' title='bbox 217 2606 306 2629; x_wconf 80' lang='lat' dir='ltr'><strong><em>mus.</em></strong></span> <span class='ocrx_word' id='word_1_358' title='bbox 334 2596 461 2629; x_wconf 80' lang='lat' dir='ltr'>Editor</span> <span class='ocrx_word' id='word_1_359' title='bbox 492 2596 600 2630; x_wconf 78' lang='lat' dir='ltr'>Basil.</span> <span class='ocrx_word' id='word_1_360' title='bbox 625 2594 884 2639; x_wconf 74' lang='lat' dir='ltr'>praepositione</span> <span class='ocrx_word' id='word_1_361' title='bbox 949 2593 991 2627; x_wconf 86' lang='lat' dir='ltr'>P.</span> <span class='ocrx_word' id='word_1_362' title='bbox 1002 2591 1087 2636; x_wconf 84' lang='lat' dir='ltr'>Syri</span> <span class='ocrx_word' id='word_1_363' title='bbox 1110 2591 1241 2626; x_wconf 86' lang='lat' dir='ltr'>dictum</span> <span class='ocrx_word' id='word_1_364' title='bbox 1261 2591 1366 2636; x_wconf 73' lang='lat' dir='ltr'>plane</span> <span class='ocrx_word' id='word_1_365' title='bbox 1382 2591 1603 2624; x_wconf 78' lang='lat' dir='ltr'>confirmant:</span> 
     </span>
     <span class='ocr_line' id='line_1_42' title="bbox 218 2637 1604 2682; baseline -0.004 -8"><span class='ocrx_word' id='word_1_366' title='bbox 218 2641 388 2682; x_wconf 78' lang='lat' dir='ltr'>traiecta,</span> <span class='ocrx_word' id='word_1_367' title='bbox 412 2642 526 2676; x_wconf 83' lang='lat' dir='ltr'>dedit:</span> <span class='ocrx_word' id='word_1_368' title='bbox 552 2647 586 2676; x_wconf 85' lang='lat' dir='ltr'>et</span> <span class='ocrx_word' id='word_1_369' title='bbox 610 2647 692 2676; x_wconf 84' lang='lat' dir='ltr'>ante</span> <span class='ocrx_word' id='word_1_370' title='bbox 716 2641 779 2675; x_wconf 83' lang='lat' dir='ltr'>hoc</span> <span class='ocrx_word' id='word_1_371' title='bbox 803 2646 882 2675; x_wconf 84' lang='lat' dir='ltr'>erat</span> <span class='ocrx_word' id='word_1_372' title='bbox 951 2639 1107 2674; x_wconf 83' lang='lat' dir='ltr'>Nimium</span> <span class='ocrx_word' id='word_1_373' title='bbox 1131 2639 1331 2673; x_wconf 81' lang='lat' dir='ltr'>altercando</span> <span class='ocrx_word' id='word_1_374' title='bbox 1354 2639 1483 2672; x_wconf 76' lang='lat' dir='ltr'>veritas</span> <span class='ocrx_word' id='word_1_375' title='bbox 1499 2637 1604 2670; x_wconf 83' lang='lat' dir='ltr'>amit-</span> 
     </span>
     <span class='ocr_line' id='line_1_43' title="bbox 215 2685 1603 2733; baseline -0.004 -12"><span class='ocrx_word' id='word_1_376' title='bbox 215 2689 395 2733; x_wconf 77' lang='lat' dir='ltr'>pessimus.</span> <span class='ocrx_word' id='word_1_377' title='bbox 432 2689 534 2731; x_wconf 84' lang='lat' dir='ltr'>Quod</span> <span class='ocrx_word' id='word_1_378' title='bbox 565 2688 617 2723; x_wconf 79' lang='lat' dir='ltr'>ita</span> <span class='ocrx_word' id='word_1_379' title='bbox 649 2687 760 2723; x_wconf 77' lang='lat' dir='ltr'>secuti</span> <span class='ocrx_word' id='word_1_380' title='bbox 799 2691 879 2722; x_wconf 80' lang='lat' dir='ltr'>sunt</span> <span class='ocrx_word' id='word_1_381' title='bbox 948 2687 1046 2720; x_wconf 81' lang='lat' dir='ltr'>titur.</span> <span class='ocrx_word' id='word_1_382' title='bbox 1068 2685 1290 2730; x_wconf 77' lang='lat' dir='ltr'>Legenduni:</span> <span class='ocrx_word' id='word_1_383' title='bbox 1324 2696 1401 2720; x_wconf 79' lang='lat' dir='ltr'>cum</span> <span class='ocrx_word' id='word_1_384' title='bbox 1424 2689 1510 2718; x_wconf 77' lang='lat' dir='ltr'>esset</span> <span class='ocrx_word' id='word_1_385' title='bbox 1532 2694 1603 2716; x_wconf 85' lang='lat' dir='ltr'>om-</span> 
     </span>
     <span class='ocr_line' id='line_1_44' title="bbox 217 2731 1602 2779; baseline -0.004 -11"><span class='ocrx_word' id='word_1_386' title='bbox 217 2733 348 2779; x_wconf 72' lang='lat' dir='ltr'>reliqui</span> <span class='ocrx_word' id='word_1_387' title='bbox 380 2734 529 2770; x_wconf 82' lang='lat' dir='ltr'>editores</span> <span class='ocrx_word' id='word_1_388' title='bbox 543 2760 557 2778; x_wconf 80' lang='grc'>,</span> <span class='ocrx_word' id='word_1_389' title='bbox 598 2737 640 2770; x_wconf 83' lang='lat' dir='ltr'>ut</span> <span class='ocrx_word' id='word_1_390' title='bbox 672 2733 879 2778; x_wconf 72' lang='lat' dir='ltr'>scripturae,</span> <span class='ocrx_word' id='word_1_391' title='bbox 948 2733 1044 2768; x_wconf 76' lang='lat' dir='ltr'>nium</span> <span class='ocrx_word' id='word_1_392' title='bbox 1092 2732 1317 2779; x_wconf 71' lang='lat' dir='ltr'>flagitiorum</span> <span class='ocrx_word' id='word_1_393' title='bbox 1370 2731 1602 2775; x_wconf 73' lang='lat' dir='ltr'>scelerumque</span> 
     </span>
    </p>
   </div>
  </div>
 </body>
</html>
