1728 3054
593 214 641 255 G.
668 213 953 258 vunhml
995 214 1394 264 PATEROULI

286 328 426 376 CXX.
447 328 726 375 intermissa:
758 343 863 376 nam
895 330 1126 391 proximus
1157 339 1262 394 post
1295 348 1489 393 annum„
1525 350 1665 397 quam

287 397 515 443 Hannibal
556 397 687 443 Italia
723 406 991 446 excesseram
1045 402 1112 448 uti
1150 403 1392 463 adpareat,
1440 406 1666 466 populum

285 466 544 512 Romanum
584 481 716 513 usum
749 467 979 516 dictatoris
1021 468 1148 516 haud
1190 471 1255 518 ita
1295 473 1343 519 in
1381 479 1506 521 metu
1546 474 1668 526 desi-

331 589 366 630 §-
389 588 423 624 2.
444 599 544 623 usum
567 589 746 626 dictatoris
767 593 832 627 etc.
850 590 942 627 Con-

283 633 367 669 iicio
415 635 623 680 legendum:
678 637 774 672 haud
823 638 941 673 deside

284 687 380 716 metu
402 693 446 716 „a
488 684 524 716 S.
567 684 681 718 Tullio
725 685 942 728 continuisse,

279 732 487 777 potestatem
504 729 665 775 imperio,
688 730 794 775 (proh
814 743 870 766 res
892 732 942 766 ad

285 774 533 809 uindicandum
580 777 724 811 maximi
775 778 940 822 periculi)

283 822 501 865 spoliantem.
555 834 639 856 uam
690 824 792 857 multi
841 825 942 858 abusi

283 873 387 901 eraut
404 879 454 903 eo.
478 869 647 905 anun.
665 869 745 904 Hoc
762 870 842 904 loco
864 870 942 904 nul·

280 912 338 947 lus
378 913 413 948 in
457 915 590 949 Velleio
627 915 841 959 inquinatior
879 920 943 956 est,

278 959 400 994 nullus
432 971 455 995 a
486 961 624 995 criticis
654 961 793 1005 saepius
833 963 942 997 vehe-

279 1007 500 1050 mentiusque
515 1007 673 1041 iactatus.
688 1009 846 1052 Quorum
862 1021 943 1044 con-

280 1051 434 1087 iecturas
453 1053 484 1087 si
514 1065 692 1087 recensere
712 1054 940 1098 instituerem,

279 1099 342 1133 vix
372 1100 477 1134 finem
507 1099 678 1136 inveniret
711 1100 837 1136 oratio.
878 1103 940 1137 vi-

280 1145 423 1180 deamus
445 1146 560 1190 potius
582 1146 673 1180 Edit.
703 1158 761 1191 pr.
787 1147 939 1192 scriptu—

279 1202 378 1232 ram,
411 1192 612 1237 prodigiose
633 1196 854 1236 corruptam:
883 1195 938 1229 uti

236 1268 243 1272 .
279 1239 456 1282 adpareat
493 1240 658 1283 populum
701 1239 791 1274 Rho.
836 1252 936 1274 usum

278 1285 461 1319 dictatoris
479 1290 543 1319 aut
558 1290 652 1319 metu
671 1286 848 1320 desideras
866 1288 934 1321 Tu-

279 1330 327 1364 lio
356 1331 402 1364 Co
437 1332 592 1365 timuisse
621 1336 829 1376 potestatem
850 1333 935 1377 >im·-

272 1377 392 1421 perio,
414 1377 502 1421 proh
532 1387 589 1411 res
617 1378 666 1411 ad
689 1378 935 1413 vindicandum

277 1423 422 1456 maximi
452 1423 620 1467 periculi,
661 1424 773 1467 spolia
806 1426 934 1459 musie-

275 1474 398 1504 ranteo
426 1469 630 1503 immodicae
654 1470 871 1504 crudelitatis
890 1471 934 1504 li-

275 1516 392 1549 centia
411 1527 494 1550 usus
523 1520 584 1550 est.
610 1516 648 1550 In
671 1516 739 1550 hnc
760 1516 934 1561 scripture

275 1562 439 1596 tentanda
461 1561 602 1596 tametsi
628 1573 732 1596 nemo
761 1563 934 1599 Rheneno

274 1607 451 1642 infelicius
472 1613 630 1642 versatus
651 1612 722 1650 est,
756 1609 856 1643 lunta
878 1614 933 1644 ta-

274 1665 356 1688 men
384 1655 459 1688 eius
488 1655 724 1689 coniecturam
753 1657 932 1701 expressit,

273 1701 341 1735 nisi
372 1702 466 1744 quod
497 1707 560 1735 aut
589 1713 653 1745 pro
687 1702 783 1735 haud
805 1703 932 1747 posuit,

264 1751 310 1782 ·et
332 1749 535 1791 spoliantem
557 1751 635 1792 post
650 1753 750 1783 erant
767 1760 816 1782 eo.
835 1750 934 1783 Mul-

273 1796 311 1828 to
346 1793 539 1838 sollertior,
594 1797 630 1828 et
677 1794 715 1827 in
757 1796 933 1830 nonnullis

271 1840 376 1882 valde
406 1839 605 1883 probanda,
635 1840 789 1875 Editoris
818 1842 930 1876 Basil.

271 1890 326 1920 est
360 1885 451 1919 ratio
464 1898 485 1930 e,
512 1887 565 1919 uti
589 1886 785 1930 adpareat,
820 1899 931 1932 popu-

272 1933 344 1966 lum
382 1933 578 1966 Romanum
610 1943 710 1966 usum
750 1933 932 1968 dictatoris

271 1990 341 2013 non
376 1983 451 2012 tam
476 1979 710 2020 desiderasse,
749 1991 852 2023 quam
881 1981 929 2014 ti·-

271 2026 399 2059 muisse
434 2029 643 2069 potestatem
675 2025 827 2069 imperii,
862 2038 928 2071 quo

269 2072 405 2117 priores
431 2072 479 2105 ad
501 2071 747 2105 vindicandam
767 2073 928 2106 maximis

268 2117 433 2163 periculis
455 2128 563 2161 remp.
587 2119 641 2151 usi
660 2119 828 2161 fueraut,
859 2119 927 2152 im-

271 2165 428 2198 modicae
448 2165 661 2199 crudelitatis
681 2164 822 2198 licentia
846 2176 927 2199 usus

269 2215 333 2245 cst.
350 2211 450 2254 Quae
471 2210 643 2258 correctio
661 2210 823 2254 quicquid
843 2211 928 2246 boni

268 2257 398 2298 hebet,
421 2256 572 2301 primum
594 2257 703 2292 Aldus
724 2257 824 2302 Nep„
847 2269 929 2292 mox

268 2303 427 2346 Lipsius,
462 2303 582 2347 paucis
621 2303 785 2345 mutatis,
825 2315 926 2339 suum

266 2350 437 2391 fecerunt,
462 2361 531 2384 non
554 2349 637 2384 satis
652 2350 811 2395 ingenue,
838 2352 928 2386 unde

265 2395 514 2440 profecissent,
537 2396 727 2430 reticentes.
752 2397 841 2441 Ego,
861 2408 925 2431 ve-

263 2442 348 2477 teris
366 2442 559 2486 scripturae
577 2442 734 2488 vestigiis
755 2442 926 2487 insistens,

262 2489 472 2532 adiutusque
502 2488 637 2532 aliquot
677 2490 924 2524 emendationi-

262 2534 327 2569 bus
349 2535 521 2577 aliorum,
552 2535 685 2579 liquido
715 2536 923 2571 confirmare

261 2580 389 2623 ausim,
413 2593 471 2615 me
493 2593 595 2615 suem
617 2581 753 2616 Velleio
775 2593 920 2618 menum

258 2627 459 2662 restituere:
482 2629 631 2662 dictator
646 2633 780 2664 creatus
804 2629 919 2674 (cuius

257 2672 395 2708 honoris
419 2678 486 2708 etc.
510 2675 564 2709 uti
585 2675 781 2719 adpareat,
801 2686 919 2720 popu—

255 2719 328 2753 lum
366 2720 561 2754 Romanum
597 2733 698 2756 usum
738 2721 917 2756 dictatoris

254 2765 352 2801 haud
369 2767 423 2801 ita
439 2767 477 2802 in
496 2771 593 2804 metu
614 2768 851 2811 desiderasse,
872 2772 915 2805 ut

1007 592 1046 627 tn
1068 593 1141 628 ocio
1167 593 1323 629 timuisse
1339 599 1550 640 potestatem
1599 594 1668 629 im—

1003 640 1124 685 perio,
1157 651 1224 685 quo
1248 642 1380 684 priores
1407 642 1461 676 ad'
1485 641 1669 676 vindicam·

1008 686 1092 721 dam
1110 687 1270 722 maximis
1292 689 1455 733 periculis
1476 688 1667 733 rempubli-

1008 744 1086 767 cam
1104 733 1158 766 usi
1182 738 1304 777 crant,
1328 745 1366 768 eo
1384 734 1422 769 in
1445 733 1666 769 immodicam

1008 779 1223 814 crudelitatis
1266 781 1440 815 licentioen
1476 792 1559 815 usus
1599 785 1665 815 est.

1006 824 1108 860 Nunc
1156 825 1379 871 singularum
1432 826 1666 863 mutationum

1007 872 1100 906 ratio
1121 872 1307 907 reddenda.
1331 872 1492 908 Primum
1513 883 1577 918 pro
1600 877 1667 907 aut

1008 922 1104 951 metu
1127 917 1304 952 desideras
1323 919 1538 964 scripsimus,
1566 919 1664 953 haud

1008 963 1062 997 ita
1082 963 1120 997 in
1139 969 1233 1003 metu
1249 965 1476 1002 desiderasse.
1494 966 1563 1000 'Ex
1585 965 1662 1013 qui·

1006 1009 1074 1044 bns
1096 1009 1192 1044 haud
1208 1010 1262 1044 ita
1270 1011 1417 1055 .Vossio,
1432 1014 1467 1048 et
1485 1005 1663 1049 Gronosio

1006 1055 1091 1090 obs.
1122 1056 1165 1091 11.
1196 1055 1255 1090 23.
1287 1055 1450 1099 debetur,
1490 1059 1528 1093 in
1567 1062 1664 1092 metu

1004 1102 1163 1144 Heinsio,
1174 1103 1386 1139 desiderasse
1397 1104 1536 1139 Editori
1552 1104 1662 1138 Basil.

1004 1148 1047 1182 In
1068 1149 1270 1193 absorptum
1293 1154 1345 1185 est
1362 1161 1385 1185 a
1415 1150 1530 1195 prima
1558 1150 1663 1184 litera.

1003 1195 1099 1229 vocis
1121 1198 1227 1237 metu,
1247 1198 1288 1230 n't
1307 1206 1412 1241 saepe
1431 1197 1471 1231 in
1491 1199 1561 1233 vet.
1577 1196 1662 1230 Vel-

1001 1240 1063 1275 leii
1097 1241 1237 1278 Codice.
1270 1242 1385 1277 Metus
1424 1249 1476 1278 est
1513 1243 1661 1284 bellum,

1000 1290 1041 1322 ut
1064 1287 1106 1322 11.
1130 1287 1187 1324 24.
1200 1290 1412 1333 ‚repulsoque
1432 1294 1570 1323 externo
1587 1300 1661 1323 mc-

1001 1337 1051 1367 tu.
1076 1333 1194 1367 Tacit.
1216 1334 1308 1369 nist.
1331 1333 1430 1369 186.
1449 1336 1554 1380 plura
1571 1335 1660 1375 alia,

999 1379 1144 1413 rudibus
1161 1382 1285 1415 seculis
1303 1382 1409 1415 etiam
1431 1382 1469 1415 in
1486 1393 1574 1426 pace
1596 1381 1658 1415 ob-

999 1430 1163 1468 servata,
1204 1438 1294 1470 quae
1326 1438 1416 1461 nunc
1453 1432 1588 1462 tantum
1621 1427 1659 1461 in

999 1476 1095 1516 metu
1118 1471 1318 1506 audiuntur.
1354 1473 1440 1507 Vide
1470 1473 1592 1508 Heins.
1613 1473 1659 1508 ed

999 1516 1037 1551 h.
1065 1518 1093 1557 Ι,
1125 1517 1221 1552 'rum
1247 1530 1289 1553 ex
1320 1523 1476 1554 monstro
1509 1519 1659 1564 scriptu-

999 1574 1081 1608 rae,
1110 1564 1208 1598 Tulin
1236 1565 1305 1607 Co,
1328 1565 1526 1601 extudimus
1547 1565 1660 1600 veris-

991 1609 1125 1652 simam
1165 1611 1369 1654 lectionem,
1409 1615 1449 1646 ut
1493 1612 1531 1646 in
1571 1612 1658 1646 ocio.

1001 1656 1120 1690 Ocium
1137 1661 1188 1691 est
1203 1667 1283 1701 pax,
1293 1660 1328 1692 et
1347 1657 1456 1692 metui
1471 1657 1546 1692 sive
1559 1658 1659 1692 bello

998 1702 1205 1747 opponitur,
1225 1707 1265 1738 ut
1287 1703 1331 1739 11.
1355 1703 1420 1738 23«
1434 1703 1490 1738 vir
1512 1705 1550 1738 in
1570 1705 1658 1739 bello

998 1748 1171 1792 hostibus,
1192 1749 1231 1784 in
1252 1751 1325 1785 ocio
1351 1750 1480 1785 civibus
1504 1750 1658 1795 infestis-

998 1796 1113 1830 simus.
1136 1796 1257 1831 lustin.
1287 1797 1349 1832 xl.
1370 1795 1428 1832 13.
1458 1797 1657 1841 quaerenti-

998 1841 1061 1875 bus
1085 1843 1195 1877 somni
1220 1854 1361 1877 caussas
1385 1843 1541 1878 omnibus
1563 1844 1656 1877 inter

992 1888 1173 1932 pericula,
1220 1890 1316 1923 cuius
1363 1890 1470 1923 etiam
1504 1890 1544 1923 in
1581 1890 1655 1923 ocio

995 1945 1129 1979 semper
1144 1935 1284 1979 parcior
1302 1935 1430 1979 suerit.
1459 1935 1544 1970 Mox
1556 1934 1655 1973 ,Edi-

990 1982 1051 2014 tor
1082 1981 1192 2015 Basil.
1221 1991 1288 2026 pro
1317 1981 1407 2026 proli
1439 1992 1495 2016 res
1523 1981 1654 2026 optime

993 2026 1169 2071 restituit,
1200 2038 1267 2072 quo
1306 2028 1462 2072 priores,
1490 2026 1654 2072 quamvis

991 2072 1206 2116 pronominis
1247 2084 1313 2118 quo
1339 2083 1443 2108 omne
1470 2073 1508 2108 in
1541 2072 1654 2108 veteri

993 2119 1122 2153 Codice
1142 2118 1332 2165 vestigium
1360 2119 1559 2163 evanuerit,
1581 2119 1653 2154 sic-

992 2168 1033 2199 ut
1069 2165 1175 2200 etiam
1209 2165 1351 2200 evanuit
1384 2165 1430 2201 11.
1468 2165 1526 2200 89.
1576 2166 1652 2200 Nec

994 2211 1110 2246 minus
1139 2212 1288 2246 feliciter
1316 2221 1381 2256 pro
1402 2212 1650 2246 vindicandum

993 2259 1138 2293 maximi
1157 2258 1302 2303 periculi
1323 2259 1434 2302 spolia
1451 2259 1540 2292 musi
1555 2258 1650 2294 idem

989 2305 1186 2349 rescripsit,
1219 2305 1466 2339 uindicandam
1487 2305 1649 2339 maximis

988 2352 1151 2396 periculis
1188 2351 1432 2396 rempublicam
1469 2351 1535 2385 usi.
1582 2350 1649 2387 etsi

993 2397 1238 2431 vindicandum
1265 2397 1372 2431 etiam
1398 2397 1532 2432 servari
1566 2408 1648 2441 pos-

989 2443 1046 2478 sit.
1077 2443 1190 2478 lmmo
1211 2443 1424 2478 servendum
1446 2447 1517 2486 est,
1549 2443 1580 2478 si
1601 2454 1647 2479 ex

987 2490 1134 2535 spoliam
1163 2500 1232 2523 non
1254 2489 1365 2524 faciae
1387 2489 1647 2534 rempublicam,

987 2537 1047 2572 sed
1066 2537 1252 2581 populum,
1277 2539 1317 2570 ut
1333 2536 1527 2570 Burmann.
1549 2537 1645 2574 Tum

985 2593 1051 2626 pro
1078 2583 1233 2617 usierant
1265 2582 1394 2616 rectius
1429 2582 1583 2617 Gronov.
1617 2579 1643 2617 Ι.

983 2639 1014 2663 c.
1044 2629 1098 2663 usi
1116 2633 1235 2671 erant,
1259 2639 1365 2672 quem
1388 2628 1512 2664 Editor
1531 2628 1644 2664 Ba'sil.

982 2675 1039 2709 usi
1055 2677 1214 2718 fuerant.
1243 2675 1400 2719 Denique
1438 2674 1567 2719 partim
1599 2684 1644 2710 ex

978 2720 1116 2756 Davisii
1137 2722 1183 2755 nd
1206 2721 1319 2757 Cicer.
1344 2721 1454 2756 Tuae.
1475 2720 1576 2766 Disp.
1597 2720 1642 2776 Y.

978 2766 1038 2804 21.
1061 2767 1192 2814 partim
1220 2779 1265 2805 ex
1300 2771 1421 2806 nostre
1448 2767 1640 2817 megden-
