1728 3054
253 226 336 266 132
553 221 601 262 C.
630 219 911 261 VELLEH
948 220 1339 263 PATERGULI

250 335 400 380 ten'uit.
470 332 576 386 Quo
619 333 741 377 facto
784 333 894 377 dum
938 348 1104 394 augere
1149 335 1254 381 vuit
1282 337 1490 382 invidiam
1523 340 1623 385 col-

251 405 408 462 legae,
452 401 572 444 auxit
611 401 869 460 potentiam.
940 404 1061 447 'lum
1107 402 1284 448 Caesari
1329 405 1536 500 decretae
1576 411 1622 453 in

249 470 595 529 quinquennium
631 469 851 514 Galliae

251 546 317 595 ig,
388 537 523 584 CAP.
563 537 703 582 XLV.
738 539 847 583 Per
857 500 980 582 idem
1013 544 1206 598 tempus
1226 539 1276 583 P.
1299 540 1504 596 Clodius,
1533 540 1624 585 hoz-

250 621 327 651 mo
362 606 538 660 nobilis,
574 606 786 663 disertus,
821 607 991 662 audax,
1027 608 1103 665 qui
1137 623 1283 665 neque
1313 609 1506 663 dicendi,
1543 625 1626 654 ne-

251 690 341 733 que
382 674 575 719 faciendi
619 676 785 731 ullum,
829 676 910 720 nisi
952 691 1085 734 quem
1127 677 1284 732 vellet,
1335 685 1480 723 nosset
1521 693 1624 722 mo-

253 744 387 796 dum;
446 744 667 788 malorum
686 750 691 766 ⁵
717 745 1052 805 propositorum
1104 752 1315 791 executor
1375 746 1625 799 acerrimus,

250 811 426 856 infamis
461 813 593 857 etiam
628 815 789 858 sororis
832 820 1011 872 stupm,
1068 819 1115 858 et
1165 805 1287 859 actus
1328 815 1479 860 incesti
1524 831 1623 859 reus

252 883 312 925 ob
355 881 509 925 initum
549 882 664 926 inter
705 882 1032 941 religiosissima
1077 883 1130 926 P.
1174 883 1231 927 R„
1279 899 1403 930 sacra
1446 884 1625 928 adulte-

249 951 386 1001 riunu
445 957 566 995 cnmv
604 964 763 1010 graves
825 950 1072 995 inimicitias
1124 964 1243 996 cum*
1272 951 1342 996 M.
1405 952 1623 1008 Cicerone

250 1024 476 1063 exerceret
534 1018 675 1077 (quid
718 1019 836 1064 enim
866 1019 992 1062 vinter
1032 1024 1126 1062 tam
1167 1019 1396 1065 dissimiles
1429 1022 1622 1066 amicum

250 1102 344 1131 esse
388 1088 630 1147 poterat?)
680 1093 724 1132 et
757 1105 784 1132 a
817 1088 1016 1146 patribus
1059 1087 1120 1131 ad
1161 1088 1348 1146 plebem
1390 1090 1622 1146 transisset,

249 1156 401 1215 legem
435 1156 480 1198 in
503 1157 736 1200 'tribunatu
767 1157 892 1201 tulit:
936 1156 1028 1211 Qui
1062 1156 1213 1201 'civem
1257 1157 1345 1201 Ro.
1390 1157 1622 1202 indemna—

212 1229 344 1269 2tum
377 1224 678 1280 interemisset,
709 1226 755 1269 ei
789 1240 904 1282 aqua
939 1231 984 1268 et
1016 1224 1109 1283 igni
1142 1225 1488 1270 interdiceretur.
1526 1227 1621 1271 Cu-

247 1293 314 1337 ius
346 1292 493 1336 verbis
529 1293 612 1337 etsi
642 1308 731 1337 non
765 1294 1074 1354 nominabatur
1110 1292 1284 1348 Cicero,
1318 1299 1467 1339 tamen
1502 1294 1620 1350 solus

246 1361 496 1422 petebatur.
565 1361 635 1405 Ita
665 1363 745 1412 ,vir
789 1362 961 1421 optime
1002 1362 1184 1406 meritus
1219 1361 1277 1405 de
1310 1378 1413 1422 rep„
1441 1359 1621 1410 conser—

247 1435 376 1474 vatae
409 1429 583 1488 patriae
615 1430 843 1489 precium,
857 1429 1173 1495 *calamitatem
1207 1429 1324 1473 exilii
1353 1431 1466 1475 tulit.
1518 1433 1620 1476 Non

249 1502 484 1546 caruerunt
525 1497 776 1559 suspicione
832 1497 1035 1572 oppressi
1088 1497 1314 1544 Ciceronis
1363 1498 1527 1545 Caesar
1577 1507 1622 1546 et

295 1652 397 1688 GAP.
430 1651 536 1687 XLV.
569 1656 610 1696 §9-
626 1653 663 1690 1.
703 1654 765 1698 qui
796 1624 904 1709 nenne

250 1699 404 1740 dicendi,
435 1710 545 1743 neque
570 1701 739 1743 faciendi.
773 1701 827 1735 lta
849 1700 906 1735 edi

248 1745 413 1779 iussimus
441 1745 485 1778 de
517 1745 702 1781 vascosani
730 1748 766 1781 et
788 1747 905 1782 Edito-

249 1790 299 1826 ris
320 1791 429 1826 Basil.
453 1790 595 1828 iudicio.
626 1791 720 1827 Edit.
751 1804 804 1836 pr
828 1794 904 1837 qui-

232 1848 314 1883 que
359 1837 515 1879 dicendi,
573 1849 682 1882 neque
731 1839 902 1882 faciendi.

249 1893 355 1927 quam
385 1882 571 1919 lectionem
598 1883 750 1918 defendit
778 1885 902 1919 Burm-

249 1940 293 1963 ex
325 1927 442 1963 Statio
473 1928 589 1963 Theb.
621 1929 651 1963 1.
683 1929 762 1965 1⁰1.
794 1942 858 1974 neq
859 1942 903 1964 ue

250 1976 343 2010 euim
371 1974 516 2009 velocem·
543 1976 634 2011 ullus
665 1975 763 2020 Itque
792 1977 902 2011 redit-

251 2031 480 2102 mxi..
497 2022 903 2113 zifffss‘izffusssffffssssss‘fi

251 2118 356 2158 taque
378 2114 479 2158 legas
501 2124 581 2148 cum
613 2114 786 2148 nonnullis
814 2114 901 2148 Edd.

251 2159 336 2204 quid
369 2159 516 2194 simile?
559 2160 790 2194 Profer-endas
829 2163 904 2194 erat

251 2206 373 2249 locus,
401 2205 465 2240 ubi
494 2217 560 2251 que
582 2206 640 2240 vel
663 2210 698 2240 et
721 2206 904 2250 praecedat

251 2263 383 2296 neque5
416 2251 454 2285 in
488 2263 556 2296 quo
587 2253 783 2297 quaerendo
821 2264 906 2297 ope-

252 2309 350 2340 ram,
373 2300 413 2332 ut
435 2298 577 2342 opinor,
601 2299 736 2343 perdas.
762 2298 904 2333 Disiun

253 2345 365 2379 ctivas
402 2344 596 2388 particulas
632 2356 693 2386 ve,
724 2346 798 2387 vel,
831 2349 905 2387 aut,

251 2402 316 2436 pos
303 2395 334 2425 t
352 2402 460 2435 neque
488 2386 640 2437 negandi
667 2391 741 2425 vim
762 2392 906 2432 habere,

253 2447 355 2471 nemo
377 2436 526 2481 ignorat.
571 2437 640 2471 Sed
664 2449 773 2481 nuper
795 2437 905 2471 exorti

252 2487 333 2519 sunt
355 2482 606 2526 Gmmmatici,
635 2484 695 2527 qui
717 2483 906 2518 coniuncti-

254 2529 310 2562 vis
332 2540 384 2570 ac,
410 2533 454 2571 et,
477 2541 561 2574 que,
584 2535 661 2574 post
681 2541 790 2574 neque
811 2529 905 2574 posi-

255 2574 313 2616 tis,
337 2554 481 2609 ea’ndem
503 2576 577 2610 vim
595 2576 796 2611 tribuerent.
811 2577 907 2619 Quo-

255 2631 335 2656 rum
356 2620 570 2664 doctrinam,
594 2634 636 2656 ex
658 2622 743 2656 locis
765 2622 907 2656 mendo-

256 2665 304 2703 nis
334 2666 474 2702 ductam
514 2671 550 2702 et
589 2669 798 2710 conflatum,
838 2678 907 2702 non

257 2711 414 2747 dubitem
441 2714 624 2758 repudiare
645 2725 725 2750 cum
745 2714 906 2749 Bentleio

257 2758 303 2795 od
332 2758 458 2794 Horat.
488 2758 601 2805 Epod.
628 2761 720 2797 XVI.
743 2760 786 2797 6..
810 2763 846 2796 et
874 2758 902 2795 1.

956 1633 1084 1688 Semi.
1107 1653 1141 1688 o.
1165 1652 1223 1688 68.
1255 1653 1346 1695 sed,
1381 1657 1420 1688 ut
1441 1654 1487 1688 aa
1509 1654 1623 1688 Vene-

971 1700 1047 1734 ium
1078 1701 1240 1741 redeam,
1270 1701 1476 1742 lectionem,
1516 1711 1621 1744 quam

956 1746 1112 1789 'reduxn
1151 1747 1253 1790 plane
1287 1747 1470 1781 confirmat
1504 1747 1623 1780 Sallu-

954 1792 1075 1834 ·stius,
1097 1792 1158 1835 qui
1181 1792 1312 1827 Velleio
1334 1793 1379 1827 ob
1403 1793 1621 1834 oculos-fuit,

971 1839 1076 1872 Catil.
1101 1838 1158 1872 23.
1198 1838 1341 1873 Prorsus
1363 1850 1471 1883 neque
1493 1840 1618 1881 dicere,

968 1896 1078 1964 3333?
1097 1885 1539 1964 ἱαιῗῗὲωἷωέἕέίῗῖωμω
1557 1884 1621 1918 ’”””

1014 1987 1099 2032 quid
1130 1987 1220 2021 enim
1250 1988 1340 2022 inter
1367 1992 1450 2022 tam*
1473 1988 1621 2022 dissimi-

969 2033 1020 2067 les
1049 2033 1196 2066 amicum
1229 2045 1300 2067 esse
1327 2033 1496 2078 poterat?
1537 2034 1621 2068 lmi-

967 2082 1062 2113 tatur
1095 2079 1302 2113 Sallustium
1343 2079 1421 2125 Ing.
1463 2079 1535 2114 aL·
1556 2079 1620 2117 Po-

967 2130 1082 2159 testne
1111 2126 1150 2159 in
1179 2129 1254 2160 tum
1277 2126 1421 2160 divorsis
1452 2126 1621 2160 mentibus

966 2182 1060 2217 past,
1085 2176 1149 2206 aut
1171 2172 1328 2206 amicitia
1347 2171 1450 2206 esse?

1015 2229 1263 2264 indemnatum.
1304 2229 1403 2271 Hoc,
1446 2229 1484 2262 in
1523 2230 1620 2263 tanta

969 2275 1022 2309 rei
1052 2273 1226 2310 evidentia
1253 2277 1288 2310 et
1319 2273 1536 2318 necessitate,
1577 2275 1620 2308 de

971 2321 1162 2356 Vascosani
1203 2324 1237 2356 et
1275 2320 1420 2356 Puteani
1457 2320 1621 2354 emenda-

970 2367 1067 2402 tione
1085 2367 1279 2411 recepimus
1310 2377 1374 2411 pro
1405 2367 1621 2409 damnatum,

971 2414 1064 2457 quod
1090 2413 1201 2447 habet
1229 2412 1320 2448 Edit.
1351 2424 1405 2457 pr.
1433 2411 1524 2448 Vide
1546 2412 1619 2447 Cic.

969 2470 1034 2504 pro
1053 2460 1152 2493 Dom.
1177 2458 1211 2493 9.

971 2563 1004 2598 Β
1019 2514 1051 2551 εἰ
1086 2527 1177 2562 aqua
1212 2521 1248 2551 et
1276 2516 1366 2562 igni.
1408 2514 1468 2551 Sic
1498 2514 1621 2550 Editor

1007 2561 1080 2597 asil.
1106 2574 1148 2596 ex
1170 2560 1335 2597 Cicerone
1357 2574 1421 2608 pro
1443 2563 1544 2598 Dom.
1559 2561 1618 2596 18.

970 2606 1062 2646 Edit.
1083 2620 1136 2653 pr.
1163 2614 1197 2643 et
1222 2621 1315 2654 aqua
1342 2615 1376 2644 et
1404 2609 1494 2654 igni.

1017 2666 1051 2709 §.
1083 2665 1118 2700 2.
1152 2667 1389 2701 calamitatem
1418 2666 1521 2701 exilii.
1563 2664 1619 2700 Ita

969 2711 1096 2746 Editor
1117 2712 1230 2747 Basil.
1257 2713 1396 2758 scripsit
1429 2723 1494 2757 pro
1515 2712 1618 2746 cala-

951 2758 1092 2805 onitate
1109 2759 1215 2802 exilii,
1237 2760 1328 2804 quod
1350 2763 1404 2795 est
1419 2759 1461 2793 »ὶιι
1481 2759 1546 2794 Ed.
1564 2764 1617 2802 pr·
