1728 3054
429 193 932 237 COMMENTA'HO
976 191 1281 239 cnl'rlca-
1416 195 1539 235 cm

150 309 302 356 ruisse,
338 321 424 348 non
451 305 688 361 Hailippum
715 305 1063 362 Atheniensibus,
1103 319 1191 347 non
1218 303 1431 358 Pyrrhum
1461 308 1537 345 aut

149 365 406 407 Antiochum
447 365 603 418 populo
642 364 834 404 Romano
874 363 1059 418 perinde
1095 359 1342 403 metuendos
1377 361 1532 413 fuisse.

148 421 324 462 Exstare
361 422 606 469 orationem,
653 433 731 472 qua
771 418 1108 474 magnitudinem
1144 419 1251 468 viri,
1295 417 1533 458 violentiam

148 478 428 518 subiectarum
467 478 511 517 ei
551 477 741 529 gentium
754 506 766 528 ‚
817 481 860 516 et
906 490 1033 529 quam
1074 477 1338 530 propinquus
1373 473 1532 515 Italiae

147 533 307 585 hostie,
343 546 505 587 suaque
542 533 589 573 in
626 545 676 572 eo
711 531 967 573 destruendo
997 532 1171 572 consilia
1201 531 1425 571 extulisset.
1483 530 1530 570 In

146 591 335 642 ambiguo
379 591 514 642 itaque
560 588 825 640 relinquitur,-
883 593 1018 627 utrum
1068 588 1228 628 Tiberii
1274 587 1529 641 potissimum

146 659 311 699 caussa,
340 658 391 685 an
420 658 470 686 ex
497 644 651 694 animo,
680 644 971 684 hominemita
998 644 1231 695 magnificet
1259 642 1457 685 Velleius.

258 702 309 743 IL
337 704 434 743 111.
489 700 642 752 Itaque
668 704 716 740 ut
737 698 1004 753 praesidium
1030 701 1224 740 ultimum
1254 697 1334 754 (sic
1362 701 1444 752 leg.
1474 712 1527 743 ex

145 759 310 811 egregia
350 756 482 809 Lipsii
521 756 803 796 emendatione
839 769 914 808 pro
950 756 1055 811 vulg.
1095 753 1296 811 militum)
1331 769 1442 811 resp.
1472 755 1525 797 ab

143 815 341 868 Augusto
370 812 520 853 ducem
548 813 592 851 in
620 812 771 852 bellum
802 813 996 866 poposcit
1026 811 1247 853 Tiberium.
1306 812 1396 853 Nec
1428 811 1523 854 Vel-

142 870 313 911 leianam
340 873 495 909 tantum
524 868 861 908 adulatiunculam
889 881 1003 920 esse,
1042 873 1181 909 monet
1207 869 1316 908 idem
1345 869 1522 921 Lipsius,

140 939 263 979 quum
292 926 381 978 ipse
409 927 635 976 Augustus,
663 925 856 965 Suetonio
886 923 1002 980 (Tib.
1035 923 1126 981 21.)
1155 929 1276 974 teste,
1310 924 1522 966 Tiberium

141 982 323 1036 epistolis
362 982 541 1035 aliquot,
589 986 638 1022 ut
677 982 978 1034 peritissimum
1019 983 1088 1022 rei
1130 982 1348 1031 militaria,
1395 986 1522 1036 atquc

137 1039 307 1079 unicum
332 1038 478 1091 populi
503 1038 686 1078 Romani
704 1037 997 1092 praesidium,
1026 1042 1322 1091 prosequatur.

250 1095 300 1135 11.
330 1098 427 1137 112.
481 1095 675 1148 Agrippa
704 1091 962 1149 (Postumus)
980 1116 1038 1126 -
1059 1095 1167 1134 mira
1194 1094 1407 1148 pravitate
1427 1095 1518 1135 am·-

138 1151 200 1191 mi
231 1156 357 1205 atque
395 1152 557 1204 ingenii
589 1151 634 1190 in
667 1151 920 1205 praecipitia
957 1163 1180 1190 conversus
1209 1156 1309 1198 etc.;
1337 1164 1518 1204 mosque

138 1207 415 1247 crescentibus
460 1208 505 1247 in
544 1206 635 1255 dies
673 1208 810 1255 vitiis,
858 1206 1029 1261 dignum
1062 1208 1222 1260 surore
1259 1219 1336 1247 suo
1371 1207 1516 1247 babuit

135 1264 307 1303 exitum.
349 1264 528 1315 Aequius
564 1263 618 1302 de
661 1263 931 1304 adolescentis
972 1265 1149 1303 moribus
1179 1263 1430 1311 existimasse
1457 1265 1515 1303 vi-

137 1319 257 1360 detur
284 1319 452 1359 Tacitus
482 1320 585 1361 Anu.
614 1319 647 1359 1.
675 1322 716 1361 3.
765 1333 858 1360 eum
897 1320 1104 1373 appellans
1132 1319 1279 1360 rudem
1314 1333 1417 1360 sane
1445 1319 1514 1360 bo·

134 1389 286 1416 narum
313 1377 492 1426 artium,
520 1382 570 1418 ,et
597 1375 748 1416 robore
777 1378 961 1429 corporis
990 1375 1138 1415 stolide
1165 1378 1383 1430 ferocem,
1422 1376 1514 1416 nul-

136 1432 218 1471 lius
250 1438 391 1473 tamen
415 1432 584 1485 flagitii
619 1438 893 1485 compertum.
948 1433 1162 1473 Suetonius
1210 1438 1346 1472 tamen
1384 1433 1512 1486 (Aug.
1547 1479 1554 1484 ,

134 1490 225 1538 65.)
277 1489 529 1542 Agrippam,
561 1488 712 1539 inquit,
741 1488 790 1528 ob
817 1489 1031 1541 ingenium
1059 1488 1275 1529 sordidum
1303 1502 1356 1529 ac
1378 1490 1513 1542 seros

134 1544 343 1584 abdicavit
388 1542 670 1599 (Augustus);
709 1548 752 1585 et
788 1545 924 1597 paullo
961 1550 1076 1597 post:
1117 1546 1352 1599 Agrippam
1377 1545 1511 1586 nihilo

134 1598 490 1650 tractabiliorem,
527 1602 667 1641 immo·
690 1600 734 1641 in
772 1600 863 1641 dies
904 1602 1198 1650 amentiorem,
1254 1603 1300 1642 in
1329 1601 1511 1642 insulam

134 1658 438 1710 transportavit
474 1661 552 1698 etc.
590 1657 667 1696 Dio
703 1656 792 1698 LV.
819 1669 910 1710 pag.
939 1661 1038 1700 805.
1078 1657 1358 1712 δουλοπρεπῆ
1397 1659 1510 1707 dicit,

132 1713 441 1767 praecipitisque
478 1713 710 1754 iracundiae
747 1713 973 1767 hominem,
1000 1715 1258 1766 mariamque,
1296 1715 1408 1766 quasi
1436 1727 1508 1754 no·

131 1782 312 1818 vex-cam,
340 1770 527 1809 conviciis
555 1769 827 1822 proscindere,
855 1771 1067 1823 ipsumque
1095 1771 1255 1824 saepius
1283 1772 1507 1822 Augustum

130 1831 297 1879 propter
323 1826 450 1879 patris
477 1827 582 1866 bona
609 1826 839 1866 insimulare
863 1826 1036 1867 solitum.
1064 1827 1178 1878 Quae
1205 1827 1293 1867 loca
1321 1829 1366 1867 id
1394 1832 1520 1867 certe,

129 1886 466 1933 commonstrant,
494 1881 743 1922 Velleianam
770 1895 926 1923 morum
955 1883 1161 1938 Agrippae
1192 1883 1505 1936 descriptionem

128 1940 303 1990 quodam
329 1939 450 1978 modo
477 1951 600 1990 posse
629 1938 810 1980 defendi.
868 1940 923 1980 At
949 1940 992 1979 in
1019 1946 1152 1980 morte
1180 1941 1266 1979 eius
1288 1940 1505 1980 referenda

129 2007 181 2034 en
211 1995 394 2035 callidam
424 1995 683 2045 brevitatem,
725 2008 803 2047 qua
830 1996 922 2035 novi
956 1996 1204 2049 principatus
1239 1998 1414 2049 primum
1443 1997 1504 2036 fa-

128 2051 240 2091 cinus
268 2051 448 2102 attingit,
484 2052 620 2092 caedis
653 2057 818 2092 auctore
854 2065 1104 2104 nequaquam
1132 2059 1366 2104 memorato.
1424 2053 1504 2093 Cu·

127 2107 273 2148 riosius
300 2109 514 2158 veriusque
541 2121 628 2147 rem
656 2108 833 2162 explicat
861 2108 1030 2151 Tacitus
1058 2111 1162 2150 Ann.
1185 2109 1214 2150 1.
1243 2107 1291 2153 5?
1311 2113 1353 2152 6.
1384 2109 1503 2151 Cous.

126 2162 244 2204 Dion.
271 2162 396 2204 LV11.
429 2176 521 2217 pag.
550 2167 646 2206 849.

238 2219 288 2260 11.
319 2223 415 2262 113.
471 2219 678 2260 Laudatur
703 2220 783 2260 hoc
810 2220 943 2273 capite
971 2226 1015 2262 et
1042 2233 1153 2273 seqq.
1179 2221 1394 2275 prudentia
1420 2220 1503 2261 Im·

36 2289 49 2297 ²
127 2276 347 2329 peratoris,
379 2277 465 2316 eius
492 2289 588 2316 cura
616 2289 691 2329 pro
720 2277 936 2329 praefectis
964 2279 1169 2331 copiarum
1197 2279 1386 2329 aegrotis,
1415 2279 1502 2317 eiua

127 2332 257 2372 cultus
285 2333 467 2379 modicus
503 2330 639 2387 (conf.
670 2333 836 2373 Sueton.
866 2333 957 2374 Tib.
986 2332 1075 2389 18.)
1101 2340 1178 2374 etc.
1235 2335 1354 2374 Haud
1382 2346 1502 2387 prae-

126 2391 190 2427 ter
217 2402 316 2430 rem.
371 2389 475 2429 Nam
501 2389 743 2430 laudabilem
782 2390 927 2431 ducem
961 2390 1090 2431 fuisse
1123 2391 1331 2431 Tiberium
1361 2402 1501 2431 omnes

126 2443 343 2496 scriptores
378 2450 588 2486 testantur.

239 2500 288 2540 ll.
317 2504 412 2544 118.
467 2501 531 2540 At
558 2502 621 2542 illi
647 2500 923 2557 (Germani),
952 2501 1065 2556 quod
1091 2503 1178 2542 nisi
1203 2506 1400 2555 expertus
1426 2502 1501 2542 vis

127 2554 297 2604 credat,
325 2558 370 2596 in
396 2570 556 2597 summa
580 2559 763 2611 scritate
790 2560 1086 2607 versutissimi,
1125 2564 1351 2611 natumque
1386 2570 1501 2598 men·

128 2610 251 2652 dacio
280 2626 425 2666 genus.
455 2614 665 2655 Detestare
689 2616 911 2669 turpissimi
939 2616 1109 2655 affectus
1138 2615 1400 2667 mancipium!
1430 2627 1500 2654 ex·

125 2667 272 2708 clamat
309 2669 545 2721 Scbegkius.
618 2671 821 2723 Equidem
865 2672 965 2713 illud
1003 2672 1121 2711 nimis
1159 2671 1305 2712 acerbe
1346 2670 1500 2711 dictum

125 2724 309 2767 condono
344 2727 502 2769 recenti
534 2725 622 2770 irae
661 2729 715 2771 ob
731 2729 900 2771 ‘cladem
931 2727 1158 2770 Varianam.
1212 2727 1259 2769 Si
1285 2727 1376 2781 quis
1402 2739 1500 2769 vero
