1728 3054
213 188 300 229 216
518 183 565 224 G.
594 182 880 225 VELLml
918 181 1312 226 PATchULI

219 298 313 352 bis,
363 300 408 340 et
448 300 518 340 tot
562 302 684 340 extra
726 298 926 355 ltaliam,
982 299 1196 359 domique
1249 313 1414 359 opera,
1457 315 1601 353 'omne

223 365 322 410 aevi
374 364 441 408 sui
487 364 689 424 spacium
730 364 1048 427 impensurum'
1085 370 1134 414 in
1183 367 1232 412 id
1288 368 1436 414 solum
1486 384 1604 431 opus

220 433 488 501 scriptorem
523 434 728 495 fatigent.
756 437 869 486 Nos
903 451 1126 483 memores
1159 436 1471 517 professionis,
1504 439 1606 483 uni-

220 523 395 555 versam
435 503 683 573 imagmem
725 506 1005 585 principatus
1051 507 1155 553 eius
1182 506 1325 553 oculis
1360 507 1606 573 animisque

222 578 503 627 subiecimus.

303 679 306 683 -
363 647 501 696 CAP.
548 646 647 695 XC.
719 646 942 708 sepultis,
997 652 1047 699 ut
1090 646 1418 709 praediximuS‚
1473 645 1603 694 bellis

201 716 445 774 civilibus,
481 717 922 780 coalescentibusque
955 718 1067 778 reip.
1103 717 1338 773 membris,
1374 721 1420 761 et
1451 729 1606 775 eoram
1662 729 1671 733 ·

227 786 368 844 aliero
382 818 397 843 ,
432 801 552 845 quae
583 791 676 830 tam
709 786 851 848 longa
884 802 1111 832 armorum
1153 786 1287 832 series
1318 772 1608 842 laceraverat,

228 855 458 903 Dalmatia
491 854 590 903 XX.
632 860 677 899 et
712 854 807 900 CC.
853 854 1052 918 [annos]
1097 856 1298 912 rebellis,
1343 854 1404 899 ad
1438 860 1608 901 certam

231 924 558 971 confessionem
592 929 755 982 pacata
787 930 853 968 est
885 924 1093 985 imperiig
1137 925 1281 984 Alpes
1323 923 1429 969 feris
1460 923 1611 969 incul-

230 994 375 1051 tisque
427 993 678 1044 nationibus
729 993 929 1039 celebres
984 992 1291 1054 perdomitae3
1318 1018 1322 1023 ·
1350 992 1610 1053 Hispaniae,

231 1077 352 1108 nunc
385 1063 523 1122 ipsius
556 1063 828 1123 praesentia,
862 1078 981 1119 nunc
1014 1063 1268 1123 Agrippae,
1301 1071 1437 1120 quem
1471 1076 1612 1120 usque

231 1133 278 1177 in
311 1133 494 1176 tertium
529 1131 835 1188 consulatu-m,
889 1138 934 1178 et
980 1145 1090 1176 mox
1132 1130 1382 1191 collegium
1421 1128 1613 1176 tribuni-

232 1200 323 1246 tiae
366 1200 622 1260 potestatis,
677 1201 870 1247 amicitia
912 1200 1126 1262 principis
1180 1205 1412 1255 evexerat,
1467 1200 1612 1244 multo

193 1269 448 1329 2varioque
489 1269 641 1317 Marte
683 1275 887 1329 pacatae.
967 1270 1020 1314 ln
1063 1284 1174 1328 quas
1214 1268 1466 1328 provincias
1498 1283 1614 1314 cum

232 1339 382 1395 initio,
425 1338 641 1397 Scipione
684 1344 729 1382 et
774 1338 1044 1397 Sempronio
1083 1337 1251 1398 Longo
1297 1336 1420 1382 Coss.
1463 1338 1612 1397 primo

234 1421 350 1451 anno
386 1407 571 1454 secundi
612 1407 796 1463 Punici,
842 1407 1010 1453 abhinc
1054 1420 1192 1451 annos
1240 1404 1374 1452 ecl..
1418 1406 1616 1450 Romani

234 1477 452 1523 exercitus
486 1476 604 1521 missi
650 1482 814 1534 essent,
860 1476 978 1523 duce
1015 1474 1097 1521 Cn.
1134 1474 1371 1535 Scipione,
1414 1475 1616 1520 Africani

233 1551 422 1606 patruo,
470 1561 555 1614 per
589 1561 730 1591 annos
774 1545 867 1598 CC,
902 1546 948 1590 in
987 1544 1060 1591 his
1094 1544 1238 1597 multo
1272 1549 1518 1629 mutuoque
1553 1545 1614 1589 ita

172 1939 236 1961 m-
283 1911 385 1946 cAP.
417 1911 493 1946 XC.
541 1913 574 1954 ἓ.
614 1911 652 1946 1.

238 1957 360 1995 aliero.
395 1957 490 1991 Mihi
514 1957 703 2003 legendum
732 1955 893 1991 videtur·

233 1689 341 1723 quam
364 1679 506 1714 domare
528 1678 699 1724 victoriis,
730 1681 770 1714 ut
804 1679 892 1715 dixit

195 1740 197 1743 ’
234 1725 358 1764 Cicero
387 1738 452 1771 pro
476 1727 572 1761 Sext.
595 1725 654 1759 31.

273 1773 446 1817 fatigent.
500 1774 580 1807 Hoc
613 1772 808 1817 recepimus
850 1771 894 1807 de

234 1817 389 1852 Acidalii
434 1819 657 1854 correctione.
703 1819 798 1854 Edit.
838 1830 893 1865 pr.

227 1865 406 1909 fatigant.

700 1915 735 1946 et
778 1922 894 1945 coram

183 1998 220 2028 ¹
238 2007 274 2038 et
300 2014 415 2037 coram
439 2005 573 2047 altero,
605 2007 643 2038 ut
663 2003 895 2038 subaudiatur

170 2075 175 2078 -
241 2049 283 2083 Ρ.
315 2050 360 2083 R.
393 2051 555 2084 membro.
589 2050 733 2084 Bonna.
778 2049 894 2090 Huius

237 2095 310 2129 loci
365 2097 491 2131 vulnus
547 2097 727 2131 Editorem
783 2096 894 2129 Basil.

174 2168 189 2185 s
230 2141 398 2185 aliosque
430 2143 475 2177 ad
508 2147 587 2178 eam
620 2141 896 2185 desperationem

158 2188 379 2244 2·„‘f'adegit‚
410 2193 470 2232 ut,
503 2200 584 2223 cum
615 2189 752 2223 nullam
779 2187 896 2222 medi-

148 2234 151 2236 ’
198 2234 355 2269 “cinam
378 2235 605 2279 reperissent,

177 2314 179 2316 .
214 2283 295 2318 ..ter
327 2285 528 2316 exsecarent
546 2308 556 2324 ‚
594 2284 758 2325 textuque
794 2281 898 2315 eiice-.

635 2235 725 2269 illud
747 2234 900 2269 crudeli-

240 2330 332 2361 rent.
379 2325 471 2369 Nos,
503 2327 570 2362 etsi
599 2328 690 2362 nihil
714 2327 773 2361 hic
797 2338 898 2371 prae-

159 2366 197 2380 ’““
240 2376 334 2408 stare
365 2385 571 2418 possumus,
615 2377 734 2408 tamen
773 2385 899 2408 corru-

242 2424 340 2463 ptam
366 2421 575 2462 lectionem,
610 2424 650 2455 ut
683 2420 762 2455 aliis
793 2431 898 2454 verae

242 2467 461 2509 quaerendae
502 2466 641 2502 occasio
678 2467 898 2510 praebeatur,

242 2511 279 2546 in
313 2513 498 2556 pristinam
529 2514 644 2547 sedem
686 2513 899 2547 reduximus.

242 2558 390 2593 videant
431 2558 629 2602 acutiores,
676 2570 721 2594 an
766 2559 898 2593 Velleio

241 2605 451 2649 corrigendo
481 2606 643 2650 prodesse
674 2605 804 2649 possit,
838 2605 899 2648 qui

241 2650 343 2684 illum
379 2653 425 2685 ob
459 2653 579 2686 oculos
611 2651 779 2686 habuisse
799 2650 899 2685 vidc-

242 2699 321 2739 tur,
366 2697 516 2733 Pacatus
543 2698 678 2743 Paneg.
713 2698 771 2732 36.
815 2697 899 2731 Iun-

241 2748 376 2789 guntur
398 2745 491 2779 socia
515 2745 675 2789 agmina,
697 2749 731 2779 et
749 2743 809 2778 sub
830 2755 898 2782 uno

959 1678 1074 1724 eapite
1110 1678 1224 1713 divisa
1266 1677 1478 1723 reipublicae
1509 1688 1618 1712 mem-

962 1726 1026 1764 bra
1060 1727 1265 1760 coalescunt.
1305 1724 1367 1759 ubi
1409 1721 1523 1759 divisa
1559 1734 1616 1758 re-

960 1773 1105 1817 spondet
1127 1771 1310 1806 Velleiano
1333 1772 1562 1806 laceraverat.

1009 1829 1149 1876 XX&
1177 1828 1244 1864 GC.
1273 1827 1412 1873 Lipsius
1439 1829 1528 1862 bene
1550 1826 1617 1862 ari-2

962 1876 1015 1911 dit
1037 1887 1156 1910 annos.

1003 1934 1096 1977 feris*
1115 1929 1300 1977 multisque
1323 1931 1530 1967 nationibus.
1554 1930 1617 1965 Ni-

959 1979 1013 2015 hil
1027 1979 1144 2013 verius
1152 1978 1262 2013 Heius
1252 1978 1345 2012 iana
1354 1977 1595 2012 emendatione
1607 1988 1618 2010 a

955 2026 1046 2071 seris
1066 2026 1268 2069 incultisque
1292 2025 1501 2058 nationibus.
1526 2024 1620 2058 Eam

960 2072 1071 2117 igitur
1093 2071 1212 2114 recepi
1242 2081 1307 2116 pro
1331 2070 1426 2106 Edit.
1451 2081 1502 2115 pr.
1532 2069 1621 2103 scri-

961 2124 1084 2163 ptura:
1119 2118 1212 2162 feris
1251 2117 1437 2162 multisque
1466 2116 1620 2151 natium-

964 2166 1036 2199 bus.

1010 2211 1118 2255 ipsius
1138 2204 1350 2254 praesentia.
1393 2205 1620 2242 Commodius

965 2260 1038 2301 est,
1063 2257 1170 2301 ipsius
1189 2254 1406 2301 praesentis,
1433 2259 1471 2289 ut
1493 2254 1619 2290 Burni.
1646 2294 1657 2308 x

956 2283 1131 2339 maiehat.

1011 2363 1042 2404 ἓ.
1074 2360 1110 2395 2.
1150 2358 1290 2394 secundi
1330 2357 1462 2392 Punici.
1497 2357 1620 2392 Heius.

965 2406 1101 2443 scribit:
1126 2405 1269 2440 secundi
1291 2405 1374 2439 belli
1389 2403 1523 2439 Punici.
1547 2405 1621 2439 Re-

964 2458 1029 2488 cte.
1063 2452 1183 2495 Neque
1206 2450 1299 2485 enim
1329 2452 1442 2485 ullum
1466 2450 1546 2485 talis
1568 2451 1621 2485 ιιι-ε

964 2499 1061 2545 lipsis
1085 2498 1287 2542 exemplum
1310 2497 1493 2541 reperitur.

1010 2558 1118 2592 multo
1141 2561 1326 2600 mutuoque
1358 2574 1404 2581 ——
1438 2554 1622 2599 sanguine.

966 2605 1170 2649 Eleganter.
1201 2603 1273 2636 Pro
1309 2613 1350 2635 eo
1380 2600 1622 2636 Liv.11.64.

960 2655 1161 2704 pugnatum
1183 2650 1353 2692 utrimque
1375 2648 1522 2692 plurimo
1541 2658 1621 2696 son-

963 2691 1623 2751 guine.1ustin.XX11.7.magno

966 2743 1146 2788 utriusque
1169 2741 1336 2776 exercitus
1358 2740 1542 2785 sanguine.
