1728 3054
256 241 315 283 48
499 268 504 276 .
544 237 594 278 G.
629 233 917 280 VRLLE'H
950 237 1344 283 PATERcum

257 354 344 400 fuit
377 352 507 412 Cos.)
561 366 648 398 nec
687 351 832 398 minus
873 352 1023 414 turpia
1056 368 1112 400 ac
1145 353 1423 403 detestabilia
1453 357 1634 408 Manci-

218 427 366 470 5num
410 420 656 466 Hostilium
705 421 947 467 consulem.
1026 416 1122 469 Sed
1167 423 1439 486 Pompeium
1489 431 1636 488 gratia

252 490 520 551 impunitum
553 488 739 552 habuit,
792 490 1056 537 Mancinum
1095 494 1380 541 verecundia.
1448 496 1636 558 Quippe

251 574 345 605 non
377 558 628 605 recusando
661 559 871 620 perduxit
904 559 998 607 huc
1015 593 1030 619 ‚
1079 567 1129 606 ut
1172 562 1511 622 peerecialeis
1548 581 1635 611 nu-

254 628 363 684 dus,
406 642 462 674 ac
504 634 611 690 post
652 634 832 690 tergum
875 630 1075 690 religatis
1120 631 1346 692 manibuS‚
1392 633 1636 680 dederetur

252 695 470 743 hostibus.
539 697 690 753 Quem
731 699 798 743 illi
838 699 1043 758 recipere
1086 715 1134 744 se
1175 708 1476 762 negaverunt,
1521 705 1636 750 sicut

253 766 485 826 quondam
521 766 712 812 Caudini
751 768 977 828 fecerunt,
1011 767 1233 827 dicentes,
1268 771 1501 830 publicam
1533 773 1633 819 vio-

251 836 465 881 lationem
498 835 610 880 fidei
637 851 727 880 non
762 836 930 881 debere
963 837 1090 882 unius
1123 839 1186 883 lui
1219 841 1448 901 sanguine.

393 905 527 951 CAP.
570 905 628 950 11.
684 905 933 950 lmmanem
984 905 1155 951 deditio
1202 907 1403 955 Mancini
1445 910 1632 956 civitatis

252 974 394 1019 movit
435 974 762 1019 dissensionem.
834 974 1021 1034 Quippe
1065 975 1170 1020 Tib.
1213 977 1479 1039 Gracchus,
1523 980 1629 1027 Tib.

251 1043 482 1100 Gracchi,
528 1043 756 1088 clarissimi
790 1049 925 1102 atque
963 1043 1290 1091 eminentissimi
1332 1048 1440 1108 viri,
1498 1048 1631 1108 filius,

249 1113 301 1157 P.
335 1112 539 1157 Africani
574 1128 629 1157 ex
662 1112 754 1157 filia
786 1127 944 1173 nepos,
978 1128 1071 1171 quo
1100 1122 1336 1172 quaestore
1370 1123 1415 1161 et
1448 1123 1632 1162 auctore

249 1181 298 1226 id
332 1181 494 1226 foedus
527 1181 664 1226 ictum
700 1188 818 1239 erat,
863 1195 982 1227 nunc
1025 1183 1223 1244 graviter
1270 1185 1416 1230 ferens
1457 1186 1631 1245 aliquid

211 1257 278 1299 2a
312 1266 359 1295 se
393 1251 564 1296 factum
597 1251 829 1307 infirmari,
873 1265 992 1297 nunc
1036 1251 1185 1296 similis
1228 1253 1303 1298 vel
1335 1254 1512 1311 iudicii,
1558 1256 1631 1300 vel

248 1333 426 1380 poenae
458 1325 656 1364 metuens
690 1319 953 1377 discrimen,
998 1321 1198 1365 tribunus
1231 1322 1297 1382 pl.
1332 1330 1531 1379 creatus,
1563 1324 1632 1369 vir

249 1389 420 1448 alioqui
467 1389 558 1432 vita
598 1388 1003 1446 innocentissimu3‚
1056 1389 1237 1449 ingenio
1282 1391 1628 1451 florentissimus,

246 1457 485 1519 proposito
518 1457 834 1514 sanctissimus,
863 1457 999 1516 ¹tantis
1034 1457 1229 1518 denique
1263 1460 1501 1506 adornatus
1534 1462 1628 1506 vir-

244 1528 425 1584 tutibus,
461 1533 645 1586 quantas
677 1526 883 1587 perfecta
917 1532 962 1572 et
993 1531 1150 1572 natura
1185 1534 1229 1573 et
1266 1528 1478 1574 industria
1502 1545 1630 1576 mor-

970 1649 1151 1684 confirmet
1173 1649 1350 1695 Sulpicius
1369 1651 1491 1686 Sever.
1514 1652 1543 1687 Ι.
1567 1651 1627 1687 29.

245 1649 361 1683 consul
387 1649 492 1694 fuit)
535 1649 585 1684 ad
611 1649 812 1695 turpissima
845 1648 903 1684 de-

971 1697 1030 1730 Ita
1042 1708 1233 1741 paucorum
1251 1698 1360 1733 scelus
1374 1699 1511 1744 publico
1522 1700 1628 1735 exitio

244 1696 345 1731 duxit
361 1697 522 1740 foedera.

291 1755 325 1797 §-
360 1752 393 1787 5.
437 1754 570 1797 Quippe
607 1764 676 1786 non
711 1753 903 1789 recusando

240 1800 405 1844 perduxit
427 1800 504 1834 huc.
548 1800 626 1843 Ego
650 1799 740 1834 nihil
761 1800 821 1834 hic
849 1800 902 1834 in-

244 1846 379 1891 telligo.
424 1846 531 1880 Forte
553 1846 726 1888 quaedam
757 1847 802 1880 ad
824 1858 903 1880 sen-

243 1891 388 1926 teutiam
419 1890 665 1936 perficiendam
694 1893 902 1933 necessaria,

243 1937 384 1972 librarii
412 1937 536 1982 culpo,
571 1937 782 1973 exciderunt.
813 1938 901 1972 Vide

245 1984 402 2020 Ciceron.
442 1985 486 2018 de
518 1983 588 2018 off.
619 1984 762 2018 lusan.
795 1996 900 2028 quem

243 2030 449 2112 asten-protes
465 2031 630 2073 laudant,
649 2033 685 2065 et
703 2031 780 2066 Liv.
805 2031 898 2075 Epit.

293 2134 445 2169 Caudini
473 2136 646 2178 fecerunt.
684 2132 815 2168 Melius
837 2135 900 2179 fe-

242 2186 385 2222 cerant,
409 2185 448 2215 ut
469 2180 633 2215 Heinsius
651 2180 783 2214 scribit.

288 2228 462 2272 publicam
488 2227 708 2261 violationem
723 2226 824 2271 fidei.
847 2227 895 2262 H.

242 2272 387 2308 Grotius
417 2275 461 2308 de
489 2274 516 2308 1.
548 2274 590 2308 Β.
627 2278 664 2307 et
697 2274 737 2310 P.
772 2274 814 2309 11.
837 2272 895 2307 15.

239 2320 300 2356 16.
343 2319 451 2365 legit:
488 2320 646 2365 publicae
678 2320 897 2354 violationem

231 2366 334 2411 fidei.
377 2367 447 2400 Sed
482 2366 532 2400 sic
560 2366 650 2411 perit
679 2366 733 2399 vis
767 2370 802 2400 et
834 2377 896 2400 ve-

238 2417 358 2447 nustas
379 2412 554 2457 oppositi,
587 2413 679 2456 quod
702 2416 753 2447 est
776 2413 811 2446 in
831 2424 894 2457 pu-

240 2459 365 2493 blicam
395 2464 431 2493 et
459 2460 570 2493 unius.
618 2458 750 2493 Seneca
787 2460 895 2493 Pater

237 2504 379 2540 Suasor·
404 2506 432 2539 1.
459 2516 542 2551 pag.
564 2503 622 2540 53.
647 2506 715 2539 Pro
741 2516 808 2539 uno
831 2505 895 2539 Ῑιο-

237 2552 330 2586 mine
361 2552 497 2586 iactura
524 2552 663 2596 publica
699 2551 894 2595 pacisceris.
937 2591 939 2595 .

237 2597 356 2634 contr.
387 2598 429 2632 V.
464 2609 548 2643 pag.
586 2597 666 2634 389.

236 2644 339 2677 unius
371 2646 474 2686 facto
507 2644 648 2688 publica
676 2646 785 2689 sama
818 2655 894 2677 cor-

235 2690 420 2734 rumpitur.
445 2690 564 2725 Satius
586 2691 697 2736 igitur
719 2694 791 2732 est,
814 2691 895 2724 vul-

234 2738 357 2781 gatam
378 2736 563 2771 lectionem
585 2736 682 2781 sequi
695 2764 705 2780 ,
737 2747 892 2781 praeser-

236 2781 302 2819 tim
342 2792 424 2818 cum
464 2793 545 2821 eam
579 2783 779 2822 imitatione
827 2792 894 2820 sua

705 2598 895 2643 Nunquam
902 2636 905 2641 Ι

967 1744 1139 1788 punitum.

1017 1800 1119 1834 cAP.
1149 1801 1194 1835 Π.
1219 1802 1252 1843 §-
1283 1800 1318 1835 2.
1348 1799 1522 1848 proposito
1545 1814 1629 1837 san-

970 1847 1150 1880 ctissimus.
1185 1847 1357 1882 Graevius
1388 1850 1433 1882 ad
1466 1849 1537 1884 Cic.
1560 1860 1627 1893 pro

967 1893 1072 1927 Dom.
1096 1892 1129 1928 8.
1152 1894 1364 1938 propositum
1388 1895 1424 1928 h.
1448 1896 1472 1929 l.
1498 1895 1626 1940 accipit

967 1950 1034 1983 pro
1077 1938 1210 1973 ratione
1241 1939 1344 1974 vitae.
1387 1941 1434 1980 At
1464 1941 1515 1975 sic
1541 1953 1627 1986 pro-

963 1985 1076 2029 posito
1097 1986 1329 2020 sanctissimus
1349 1985 1440 2021 nihil
1462 1987 1579 2022 differt
1602 1998 1626 2023 a

967 2031 1042 2064 vita
1082 2031 1392 2067 innocentissimus.
1424 2033 1625 2068 'Peneamua

965 2076 1078 2122 igitur
1101 2077 1222 2113 tritam
1245 2082 1280 2113 et
1309 2079 1493 2123 vulgatam
1514 2079 1626 2126 signi-

965 2123 1174 2158 ficationem.
1216 2124 1269 2158 An
1298 2123 1504 2170 legendum}
1541 2138 1624 2172 pro-

963 2171 1075 2214 posito
1095 2171 1416 2205 constantissimus?
1444 2176 1483 2207 ut
1502 2173 1546 2207 11.
1564 2171 1623 2207 6⁰.

965 2217 1105 2250 Asinius
1130 2217 1257 2258 Pollio,
1281 2218 1409 2261 firmus
1436 2219 1622 2264 proposito.

966 2266 1000 2297 et
1035 2263 1181 2296 Iulianis
1214 2264 1372 2307 partibus
1397 2265 1509 2308 fidus.
1552 2264 1622 2299 Sed

963 2312 1119 2343 sanctum
1139 2308 1291 2343 Gracchi
1304 2310 1516 2353 propositum
1533 2306 1623 2346 fuis-

962 2366 1022 2398 se,
1043 2355 1144 2389 docet
1166 2354 1305 2394 Sallust.
1327 2356 1406 2401 lug.
1430 2357 1486 2393 46.
1525 2357 1622 2392 Nam

958 2404 1143 2445 postquam
1171 2401 1340 2445 Tiberius,
1376 2407 1411 2437 et
1448 2404 1486 2439 C.
1512 2403 1621 2438 Grac-

962 2447 1046 2480 chus
1077 2447 1255 2482 vindicare
1285 2448 1418 2492 plebem
1449 2451 1486 2483 in
1515 2451 1621 2484 liber-

962 2497 1093 2535 tatem,
1129 2497 1162 2527 et
1180 2504 1371 2537 paucorum
1395 2498 1525 2532 scelera
1550 2507 1619 2543 pa-

961 2541 1112 2583 tefacere
1138 2550 1286 2584 coepere.
1492 2545 1497 2549 “

1007 2601 1156 2642 quantas
1183 2600 1343 2641 perfecta
1365 2603 1400 2633 ct
1429 2605 1558 2636 natum
1583 2605 1619 2636 et

961 2643 1134 2685 industria
1152 2646 1218 2677 etc.
1240 2644 1362 2679 Editur
1383 2639 1490 2680 Basil.
1521 2647 1618 2682 abla-

960 2689 1052 2724 tivos
1071 2694 1219 2731 natura,
1252 2689 1449 2734 industria,
1471 2691 1618 2727 inscien-

960 2739 1014 2770 ter
1034 2746 1098 2780 pro
1121 2735 1344 2771 nominativis
1360 2737 1513 2783 capiens,⁴
1527 2738 1618 2774 haec

958 2781 1012 2820 ita
1033 2781 1212 2828 corrupite
1234 2788 1385 2829 quantas
1402 2787 1568 2831 perfecta,
1581 2788 1617 2825 et
