1728 3054
238 212 360 250 'CXVI
557 203 843 248 NOTITIA
882 201 1310 244 LITTERAMA

249 321 363 362 ribus
388 319 560 360 maxime
578 323 666 366 ὀί),
694 315 811 369 ³quod
849 316 921 357 ille
948 316 990 356 in
1019 315 1184 357 externa
1215 316 1342 368 magis
1369 327 1503 355 rernm
1532 327 1625 368 spe-

249 375 810 427 ciehonestazacquieverit3
851 374 894 413 hi
928 373 1047 422 vero,
1087 374 1269 414 ultimam
1302 373 1474 412 maxime
1503 371 1627 411 Tibe-

248 435 303 475 rii
327 433 451 474 vitam
478 443 707 483 moresque,
734 434 878 484 postea
907 431 1137 483 patefactos*
1161 430 1414 482 posterisque
1441 428 1628 476 traditos,

234 491 476 538 ·intuentes,
506 487 617 528 nullo
643 488 824 540 periculo
853 491 953 538 tum,
981 500 1073 527 cum
1102 487 1356 533 scribebant,
1386 486 1464 525 sibi
1495 485 1627 524 immi-

251 545 398 598 nente,
441 545 623 585 internos
660 544 776 585 istius
814 557 954 584 sensus
990 545 1192 595 animique
1227 543 1466 582 foeditatem
1494 542 1536 580 in
1565 541 1627 580 lu-

237 616 343 644 ·*cem
375 602 659 655 protraxerint»
701 599 821 641 Tum
857 613 909 641 ne
944 601 1144 640 incideret
1181 600 1223 639 in
1262 603 1352 638 acta
1380 597 1538 638 Tiberii
1570 597 1627 636 vi-

242 658 500 711 -tup'eranda,
538 662 664 713 utque
703 656 991 704 offensionem,
1026 658 1069 697 in
1108 669 1226 708 quam
1262 650 1547 695 descendendo
1576 653 1627 692 ad

253 715 410 767 singula
436 714 597 755 facilius
623 715 831 755 incurrere
854 717 1042 770 poterat,
1075 714 1275 761 evitaret,
1311 724 1507 751 summam
1541 715 1627 749 tan-

252 777 340 812 tum
372 772 533 824 imperii
561 772 653 811 'eius
681 776 918 823 persecutus
948 775 1031 820 est,
1059 771 1358 811 excusationem
1386 768 1504 807 huius
1533 780 1629 807 con-

254 828 334 868 silii
355 830 357 833 '
375 829 417 867 in
461 829 550 867 viva
587 828 814 880 aequalium
859 828 1053 867 memoria
1095 827 1270 875 habens3
1314 825 1394 864 vid.
1444 824 1493 863 ΙΙ.
1531 826 1627 864 126.

254 897 315 938 pr.
351 884 445 924 lta·
468 897 566 924 sane
601 885 666 925 fas
701 888 790 925 erat
832 883 1021 937 scriptori
1060 883 1187 923 multa
1230 882 1441 928 omittere,
1490 880 1630 930 multa,

256 953 369 994 quae.
394 941 618 992 praeterire
651 940 923 994 periculosum
961 943 1069 988 erat,
1104 939 1282 980 breviter
1318 938 1539 989 attingere,
1569 940 1629 976 at-

255 1010 336 1051 que
362 995 586 1038 honestatis
615 999 753 1050 specie
781 999 831 1038 ab
860 997 951 1037 aula
981 997 1070 1049 ipsa
1097 998 1309 1049 praetenta
1338 995 1546 1045 obtegere.

314 1073 317 1078 ’
369 1054 666 1108 Deniquemon
702 1054 1042 1107 praetereundum
1085 1056 1170 1101 est,
1221 1052 1421 1091 oratoriae
1458 1048 1630 1102 amplifi-

257 1111 406 1153 cationi
444 1116 486 1152 et
514 1111 783 1160 exornationi,
823 1112 888 1150 cui
925 1109 1108 1150 Velleius
1147 1108 1309 1156 studet,
1350 1106 1502 1158 aliquid
1535 1118 1631 1146 con-

257 1167 484 1210 cedendum
518 1168 631 1218 esse,
680 1168 752 1208 ubi
791 1167 1009 1207 adulatoris
1038 1163 1270 1218 ¹'personam
1309 1164 1489 1203 induisse
1520 1162 1631 1202 vide-

241 1230 335 1266 -tur.
393 1224 466 1266 lna
493 1224 600 1265 enim
629 1224 820 1266 effectum
851 1227 937 1272 est,
971 1227 1019 1263 ut
1045 1222 1173 1262 multa
1202 1234 1247 1262 os
1273 1220 1542 1260 adulatorium
1565 1226 1630 1258 re-

257 1285 422 1331 sonent,
450 1282 634 1335 ·quibus,
678 1284 822 1322 ornatu
867 1280 1073 1332 detracto,
1111 1278 1171 1318 nil
1215 1277 1294 1317 nisi
1336 1289 1449 1317 mera
1483 1276 1631 1315 veritas

237 1339 400 1380 -subsit.
437 1360 442 1371 ι
552 1347 570 1372 .’
594 1350 609 1371 ,·
674 1351 678 1357 ·
994 1337 998 1366 ἰ
1033 1360 1037 1368 ,

242 1407 246 1411 ’
303 1407 311 1420 “
370 1393 526 1446 Neque
541 1394 586 1434 in
610 1393 753 1434 vitium
780 1392 892 1433 verti,
915 1395 1052 1446 potest
1078 1390 1261 1438 Velleio,
1299 1388 1406 1441 quod
1434 1387 1476 1426 in
1505 1385 1631 1426 Tibe-

237 1480 243 1491 ..
254 1450 311 1491 rii
336 1451 506 1503 gratiam
533 1450 845 1501 iusto'iniquior
882 1461 975 1489 esse
1011 1449 1195 1488 videatur
1233 1458 1330 1497 erga
1368 1448 1530 1484 exteros
1557 1444 1631 1483 ho-

240 1507 364 1557 .'stes,
390 1507 574 1560 inprimis
603 1518 701 1559 erga
730 1506 972 1546 Germaniae
993 1504 1192 1559 populos,
1230 1516 1254 1542 a
1291 1502 1456 1542 Tiberio
1494 1500 1631 1540 debel-

259 1564 387 1613 latos,
416 1564 496 1613 ita,
529 1567 579 1603 ut»
602 1576 695 1613 eos,
714 1564 799 1616 'qui
824 1559 1249 1614 nunquam-Romanis
1280 1558 1528 1606 obedierint,
1567 1569 1632 1595 ar-

210 1657 212 1659 .
239 1621 515 1674 anisvcaptis,
544 1620 720 1660 rebelles
749 1621 879 1667 dicat,
909 1617 1073 1659 eosdem
1091 1616 1339 1671 'perterritos
1367 1619 1534 1661 tantum,
1566 1626 1632 1652 re-

257 1677 396 1731 pulsos
425 1682 468 1716 et
495 1677 733 1729 dissipatos,
759 1690 836 1730 pro
863 1676 1005 1715 fractis
1028 1675 1210 1728 penitus,
1236 1673 1376 1720 victis,
1413 1675 1534 1722 atquc
1560 1670 1632 1708 de-

258 1733 356 1773 ditis
387 1733 555 1781 habeat,
593 1733 833 1784 omninoque
871 1745 1012 1772 eorum
1050 1731 1187 1771 decori
1227 1730 1396 1770 multum
1433 1726 1631 1766 detrahat.

241 1788 349 1830 nnnc
376 1794 474 1830 sane
502 1790 754 1840 arrogantiae
782 1789 989 1829 Romanae
1017 1792 1104 1837 est,
1141 1799 1220 1838 qua
1248 1798 1386 1826 omnes
1415 1784 1632 1836 scriptores

243 1845 386 1887 rhina*
400 1846 543 1900 'populi
569 1846 766 1885 laborant.
991 1871 992 1874 η

242 1923 257 1931 —
276 1901 299 1934 ἴ)
366 1902 486 1954 Quae
518 1900 659 1942 omnia²
679 1911 771 1942 cum
808 1901 865 1941 ita
893 1901 994 1949 sint,
1039 1899 1194 1939 animus
1232 1901 1275 1938 et
1310 1897 1496 1936 voluntas
1544 1897 1631 1935 eius

249 1958 445 2012 profecto
483 1958 684 1998 adulandi·
707 1958 821 1997 vitio·
844 1958 901 1997 ita
934 1961 1147 2009 corruptus
1181 1967 1261 1994 non
1289 1954 1388 2002 fuit,
1434 1958 1480 1992 ut
1510 1966 1632 1991 exue-

245 2019 324 2056 >ret
351 2015 486 2055 subito
511 2015 691 2055 veritatis
720 2014 912 2063 studium,
933 2013 1040 2065 quod
1066 2013 1107 2052 in
1135 2011 1333 2064 superiori
1361 2010 1496 2062 operis
1518 2015 1632 2060 parte

244 2072 512 2125 {prodideran-
574 2071 693 2113 Idem·
731 2072 867 2124 potius
913 2069 1089 2111 studium
1144 2070 1186 2108 in
1243 2073 1424 2107 extrema
1473 2079 1632 2117 quoque

259 2129 456 2181 particula
483 2141 509 2169 e
530 2129 672 2170 'rerum
704 2128 861 2168 selectu
901 2131 946 2168 et
983 2127 1127 2167 callida
1153 2125 1309 2165 ratione
1337 2136 1405 2163 eas
1434 2123 1631 2162 tractandi

250 2185 405 2226 oelucet.
435 2191 455 2220 -ῑ
513 2188 516 2189 ’
672 2200 673 2204 ’
1135 2200 1137 2202 ·

276 2241 280 2245 ’
373 2242 419 2282 In
439 2240 708 2282 aestimanda
745 2241 868 2294 igitur
905 2237 1056 2281 Velleii
1091 2238 1176 2278 fide
1214 2236 1395 2277 voluntas
1428 2237 1514 2276 eius
1537 2237 1631 2276 ‘vera

259 2298 448 2339 narrandi
480 2298 522 2338 in
545 2298 722 2338 -dubium
749 2298 884 2338 vocari
911 2297 1074 2348 nequit3
1123 2296 1167 2334 in
1204 2298 1394 2346 quantum
1429 2306 1526 2333 vero
1559 2294 1631 2333 ol)-

246 2360 422 2395 -secutus
459 2356 510 2395 ei:
538 2355 691 2404 fuerit,
722 2355 845 2394 facile
884 2366 935 2393 ex
971 2353 1058 2392 eius
1097 2351 1219 2390 animi
1253 2351 1410 2397 indole,
1448 2350 1630 2390 sensibus

260 2424 358 2464 erga
390 2410 604 2453 Tiberium
629 2416 672 2451 et
699 2411 860 2451 domum
892 2411 1112 2461 Augustam
1127 2437 1139 2457 ,
1178 2419 1226 2447 ex
1256 2406 1475 2458 Principis,
1511 2418 1630 2458 quem

249 2470 494 2518 ›enar-rabat,
523 2468 1013 2521 -ingenior‘et'moribus,
1053 2470 1360 2516 temporumque
1400 2476 1450 2502 ex
1493 2463 1630 2509 condi-

259 2525 371 2565 tione
388 2543 407 2574 ,
439 2525 686 2583 ⁴comparatis
705 2525 902 2565 ³‘aliorum
949 2526 1157 2563 auctorum
1205 2520 1469 2571 testimoniis,
1522 2519 1630 2571 exigi

247 2586 404 2634 'potest-
453 2595 458 2615 1
763 2588 790 2615 -’

246 2648 345 2680 ¹³2³.
372 2639 484 2678 Idem
522 2649 618 2679 vero
643 2637 840 2678 ·veritatis
864 2635 1057 2677 studium
1095 2636 1209 2687 patet
1243 2645 1403 2686 quoque
1447 2632 1490 2671 in
1527 2630 1629 2671 anti-

246 2694 400 2746 -quiori
418 2695 586 2736 historia
621 2695 818 2736 tradenda
843 2693 1100 2733 ‘erratione
1116 2694 1234 2743 quain
1262 2690 1426 2731 minime
1459 2693 1630 2729 temera-

256 2751 340 2803 ria,
359 2763 467 2805 -qua,
480 2764 484 2766 ’
495 2763 606 2805 quae
615 2752 783 2794 :tradita
809 2753 1046 2805 acceperat,
1060 2747 1264 2790 retulerit.
1319 2746 1478 2788 Nullius
1494 2745 1627 2798 ¹enim,

1726 2375 1728 2412 1

1717 2766 1728 2831 a,
