1728 3054
265 252 349 293 loo

568 246 915 290 c.vm.1.m1
954 247 1343 307 umescunt

265 364 356 409 dux
389 361 514 406 bello
548 363 854 422 peritissimus;
896 363 1000 409 civis
1034 364 1080 408 in
1112 360 1247 425 toga,
1283 364 1364 420 nisi
1397 365 1476 423 ubi
1505 382 1635 413 vere-

262 437 402 485 retur,
437 445 494 476 ne
529 446 663 490 quem
697 431 884 478 haberet
916 448 1088 494 parem,
1122 433 1491 487 modestissimus3
1521 438 1635 492 ami-

262 499 463 546 citiarum
503 504 658 556 tenax,
710 501 755 546 in
808 501 987 547 offensis
1038 502 1295 559 exorabilis,
1344 503 1392 548 in
1433 505 1636 549 reconci—

259 566 411 611 lianda
445 562 591 627 gratia
623 567 924 628 fidelissimuS,
966 570 1012 614 in
1045 570 1309 631 accipienda
1341 571 1637 618 satisfactione

258 634 519 691 facillimus'3
549 631 750 698 potentia
784 655 862 686 sua
893 654 1151 698 numquam,
1186 646 1263 685 aut
1295 654 1422 697 raro,
1457 641 1516 684 ad
1549 641 1637 685 im-

222 711 250 752 4
258 704 506 764 potentiam
540 721 666 761 usus3
699 723 819 769 pene
852 709 1051 755 omnium
1083 708 1292 754 vitiorum
1335 723 1514 769 expers,
1555 709 1637 754 nisi

257 780 564 820 numeraretur
611 776 726 821 inter
766 778 982 834 maxima,
1024 778 1070 822 in
1116 777 1294 823 civitate
1338 777 1503 834 libera,
1547 777 1635 822 do-

257 843 465 902 minaque
494 844 720 905 gentium,
765 845 1012 906 indignari,
1054 861 1160 893 cum
1202 861 1354 891 omnes
1389 846 1507 892 cives
1538 847 1636 892 inre

257 911 449 957 haberet
469 928 650 981 pares,
691 928 963 979 quemquam
997 903 1232 973 aequalem
1273 901 1490 976 dignitate
1523 929 1636 960 con-

216 985 245 1026 5
257 981 442 1040 spicere.

509 975 602 1027 Hic
636 998 663 1026 a
696 988 808 1043 toga
842 983 956 1027 virili
989 982 1198 1027 adsuetus
1231 983 1490 1028 commilitio
1519 999 1634 1044 pru-

255 1049 496 1094 dentissimi
530 1050 655 1097 ducis
686 1052 894 1111 parentis
915 1051 1006 1108 sui,
1050 1052 1220 1096 bonum
1255 1057 1300 1095 et
1334 1064 1478 1111 capax
1509 1059 1633 1098 recta

254 1118 457 1164 discendi
501 1119 731 1181 ingenium
775 1119 986 1182 singulari
1028 1135 1179 1166 rerum
1223 1119 1480 1166 militarium
1520 1137 1632 1182 pru-

297 1262 367 1297 duoe
390 1263 478 1297 bello
503 1262 744 1310 peritissimus.
773 1263 911 1309 Lipsius

249 1309 372 1344 scribit
396 1309 486 1343 belli.
510 1310 580 1344 Sed
596 1311 732 1354 peritus
747 1310 911 1355 'aliquan-

240 1355 295 1388 *do
327 1366 407 1389 cum
437 1355 546 1390 ablat.
580 1355 756 1397 construi,
785 1357 911 1392 docent

250 1401 403 1435 Gronov.
439 1401 483 1435 ad
513 1400 606 1435 Gell.
633 1402 692 1438 IV.
721 1401 755 1436 8.
783 1406 818 1436 et
838 1402 911 1437 Da-

249 1447 314 1482 vis.
332 1447 377 1481 ad
393 1446 486 1481 Hirt.
506 1446 549 1480 de
567 1447 611 1480 B.
627 1447 703 1481 Afr.
725 1448 784 1484 31.

295 1493 333 1527 in
350 1493 606 1528 reconcilianda
619 1494 752 1538 gratia.
773 1493 911 1529 Rectis-

249 1539 338 1574 sime
353 1538 508 1582 Lipsius:
532 1540 569 1572 in
586 1540 808 1574 reconciliata
822 1552 910 1585 gra-

249 1586 314 1620 tia.
348 1584 464 1629 Saepe
490 1584 671 1619 ‘Gerundia
703 1589 738 1620 et
760 1586 911 1621 Portici-

236 1631 311 1675 .:pia
331 1630 509 1675 praeteriti
524 1631 654 1675 passivi
671 1631 708 1666 in
725 1632 826 1667 libris
847 1644 909 1667 an-

247 1677 356 1721 tiquis
374 1680 634 1720 permutantur,
657 1681 696 1712 nt
719 1680 812 1722 apud
829 1677 907 1712 Liv.

249 1723 507 1758 xxvln.17.
552 1729 587 1759 et
615 1725 653 1758 in
681 1736 780 1758 suum
806 1726 910 1759 decus

247 1780 437 1813 nomenque
455 1770 550 1803 velut
576 1775 846 1805 consummatam
871 1782 904 1804 e-

246 1815 301 1852 ius
333 1815 413 1849 belli
437 1815 591 1861 gloriam
619 1817 810 1860 spectabat.
845 1816 908 1851 ubi

245 1859 277 1896 ὀὶ
317 1871 381 1905 pro
419 1866 690 1896 consummatam
729 1862 908 1906 scripseris

246 1906 577 1948 consummandam,
625 1906 717 1941 nihil
757 1909 801 1944 ad
835 1908 906 1943 loci

247 1952 486 2007 integ-ritatem
510 1952 678 1996 requiras.

292 1999 330 2033 in
366 1998 567 2043 accipienda
588 1999 825 2042 satisfactione
840 2001 907 2043 fa-

246 2045 404 2079 cillimus.
414 2044 582 2088 Quinctil.
592 2046 687 2079 Deci.
693 2046 906 2080 cccxxm.

240 2102 329 2136 pag.
368 2089 450 2125 650.
501 2091 563 2125 Dii
597 2091 826 2134 immortales,
865 2096 906 2127 ut

243 2137 465 2183 peccantibus
493 2147 645 2182 graves,
673 2138 727 2173 ita
759 2139 906 2182 satisfa-

247 2184 413 2218 cientibus
429 2184 571 2226 faciles.

246 2229 905 2331 1³3⁰‘21'2f‘z.‡‘;:.“;¹3.⁹.3“;3²0.2‘3..¹.¹‚.

245 2333 347 2356 nemo
377 2313 501 2363 sensit,
537 2322 605 2355 nisi
637 2325 702 2355 aut
734 2323 904 2358 levatione

242 2368 412 2413 periculi,
444 2346 510 2402 au’t
532 2369 723 2403 accessione
745 2369 904 2413 dignita-

245 2415 304 2449 tis.
352 2414 546 2448 Potentiam
572 2413 716 2459 opponit
738 2414 906 2458 impoten-

246 2461 338 2502 tiae,
383 2464 423 2494 ut
467 2459 600 2495 Seneca
643 2460 707 2503 Ep.
741 2460 798 2494 42.
846 2461 906 2506 qui

248 2507 363 2540 subita
387 2511 423 2540 et
453 2517 589 2552 magna
615 2507 772 2552 potentia
793 2506 904 2552 impo-

248 2556 361 2586 tenter
383 2557 539 2587 utuntur.
612 2553 614 2555 ’

295 2600 327 2640 5.
359 2598 394 2633 4.
433 2609 548 2642 paene
570 2598 720 2633 omnium
741 2598 903 2633 vitiorum

249 2653 376 2688 expers.
399 2645 453 2678 lta
475 2644 554 2678 Ald.
572 2644 666 2699 Nep.
678 2644 819 2689 scripsit
839 2655 903 2689 pro

248 2695 422 2732 votorum,
453 2691 544 2733 quod
574 2694 627 2726 est
654 2690 692 2724 in
723 2691 815 2726 Edit.
850 2703 903 2736 pr.

241 2735 291 2770 11.
324 2734 382 2771 35.
421 2737 573 2772 omnibus
610 2737 780 2798 humanis
809 2738 904 2773 vitiis

250 2780 421 2815 immunis.

967 1276 971 1279 ·
1025 1263 1165 1299 civitate
1197 1263 1319 1299 libera.
1352 1264 1509 1309 Exempl.
1532 1267 1632 1300 vetus

974 1309 1102 1347 hahet:
1126 1311 1164 1344 in
1185 1311 1326 1345 civitate
1343 1311 1460 1345 libera.
1486 1311 1631 1346 Beuum.

1022 1368 1099 1390 cum
1121 1363 1235 1390 omncs
1257 1357 1347 1390 cives
1367 1360 1432 1392 etc.
1455 1356 1527 1391 Cic.
1537 1357 1630 1392 Phil.

975 1401 1188 1436 1.14.1l1a
1211 1407 1287 1436 erat
1308 1403 1404 1444 vita,
1428 1403 1490 1436 illa
1512 1414 1631 1437 secuu-

976 1448 1025 1482 da
1040 1451 1207 1491 fortuna,
1233 1449 1390 1482 libertate
1417 1458 1488 1482 esse
1507 1459 1631 1494 parem

976 1495 1110 1535 ceteris,
1130 1493 1317 1538 principem
1345 1494 1530 1540 dignitate.

1021 1538 1053 1583 5.
1074 1538 1108 1574 5.
1135 1540 1241 1574 Hicce
1263 1545 1359 1586 toga.
1383 1541 1543 1586 Exempl.
1561 1544 1631 1575 vet.

966 1585 1099 1620 habet:
1140 1585 1210 1620 Hic
1241 1596 1265 1620 a
1294 1591 1382 1632 toga
1409 1590 1473 1621 etc.
1504 1587 1537 1621 Is
1570 1587 1630 1631 qui

974 1632 1146 1666 Velleium
1189 1642 1209 1666 e
1249 1636 1387 1667 vetusto
1437 1631 1628 1677 descripsit,

974 1677 1086 1712 falsus
1109 1681 1162 1712 est
1184 1688 1206 1713 a
1236 1677 1338 1713 litera
1367 1677 1404 1712 in
1433 1689 1498 1713 ccc.
1538 1679 1629 1714 Nam

976 1727 1014 1758 ut
1034 1724 1072 1758 in
1094 1724 1182 1766 hoc,
1213 1723 1264 1758 sic
1293 1724 1399 1759 etiam
1428 1724 1465 1758 in
1486 1723 1631 1768 quibus-

974 1769 1064 1816 dam·
1092 1769 1170 1804 aliis
1201 1774 1359 1805 veterum
1401 1770 1575 1805 codicibus
1606 1783 1629 1806 a

973 1815 1024 1850 sic
1047 1815 1210 1850 scribitur
1231 1828 1278 1859 cc,
1303 1817 1395 1860 quod
1417 1816 1483 1852 iste
1503 1828 1567 1862 pro
1589 1828 1628 1853 ce

971 1862 1111 1908 syllaba
1132 1862 1276 1906 aspexit.
1302 1863 1444 1896 Βιιιιιιιι.

1028 1908 1194 1941 adsuetus
1254 1909 1460 1943 commilitio.
1531 1909 1628 1955 Lego

970 1953 1073 1988 unius
1093 1953 1217 1988 literae
1246 1954 1450 1989 mutatione.
1483 1955 1626 1989 adsum-

966 2003 1029 2034 ‘tus
1063 1999 1269 2034 commilitio.
1314 2000 1436 2036 Vellei.
1481 2001 1526 2035 11.
1566 2001 1626 2036 32.

972 2045 1088 2079 multis
1121 2049 1156 2079 et
1186 2046 1379 2090 praeclaris
1409 2047 1495 2080 viris
1526 2047 1564 2081 in
1588 2048 1627 2082 ia

971 2091 1099 2125 bellum
1121 2091 1301 2127 adsumtis.
1325 2092 1438 2127 Διιιιιι.
1462 2093 1624 2128 Marcell.

968 2137 1111 2172 XXVII.
1134 2137 1170 2172 6.
1207 2138 1414 2173 Gratianum
1441 2139 1479 2172 in
1503 2141 1627 2185 Augu-

968 2188 1060 2218 stum
1090 2194 1222 2219 sumere
1261 2185 1495 2219 commilitium
1524 2196 1623 2230 paro.

967 2229 1009 2264 ln
1041 2230 1164 2264 eodem
1194 2231 1302 2265 verbo
1333 2231 1470 2266 laborat
1504 2231 1625 2267 Livius

970 2276 1093 2311 xxlv.
1108 2275 1142 2311 5.
1168 2275 1332 2311 Gelonem
1349 2277 1540 2322 quendam,
1561 2287 1623 2312 ac-

969 2323 1106 2367 qualem
1129 2322 1348 2367 Hieronymi,
1381 2327 1416 2357 et
1444 2323 1515 2356 iam
1541 2323 1622 2359 inde

969 2380 994 2403 a
1012 2379 1120 2413 puero
1143 2369 1179 2401 in
1201 2370 1316 2403 omnia
1341 2369 1540 2412 familiaria
1566 2369 1622 2404 iu-

967 2425 1012 2448 ra
1027 2414 1219 2449 adsuetum.
1240 2414 1302 2449 nbi
1321 2415 1516 2449 adsumtum
1538 2415 1625 2451 scri-

967 2460 1120 2495 bendum
1150 2471 1245 2502 esso,
1289 2459 1528 2505 planissimum
1557 2465 1622 2498 eet.

969 2506 1010 2541 si
1031 2505 1109 2550 quis
1139 2509 1255 2540 tamen
1280 2506 1318 2541 in
1342 2506 1472 2541 Velleio
1496 2507 1623 2543 adsue-

967 2557 1024 2588 tus
1046 2562 1186 2586 servare
1207 2552 1325 2596 malit,
1347 2563 1416 2588 non
1441 2553 1544 2588 valde
1565 2565 1623 2589 re-

967 2608 1131 2643 pugnem.

1010 2644 1217 2689 prudentiae
1239 2644 1415 2687 celeriora,
1438 2648 1474 2680 ct
1495 2656 1519 2679 a
1541 2645 1623 2681 Ser-

967 2691 1065 2725 torio.
1087 2691 1245 2734 Exempl.
1269 2694 1336 2725 vet.
1359 2691 1411 2726 sic
1433 2691 1560 2735 habet,
1583 2694 1622 2727 nt

968 2735 1083 2780 potius
1115 2737 1300 2781 legendum
1330 2737 1504 2772 videatur:
1533 2747 1619 2782 prus

970 2782 1090 2818 dentia
1113 2783 1277 2827 celerior,
1309 2783 1363 2819 ita
1387 2789 1434 2820 ut
1455 2794 1480 2819 a
1503 2784 1618 2820 Serto-
