1728 3054
227 194 314 235 258
535 190 582 231 C.
615 188 898 233 VELLEII
936 190 1333 257 PATERGULI

227 306 296 350 M.
332 295 536 365 Lepidus
570 303 826 364 praefectus
861 310 948 361 est,
1001 305 1069 350 vir
1110 307 1276 351 nomini
1314 322 1368 353 ac
1401 303 1610 355 fortunae

227 390 384 420 eorum
436 374 692 433 proximus:
746 389 883 432 quem
935 375 980 419 in
1036 382 1250 433 quantum
1295 377 1481 437 quisque
1532 385 1611 423 aut

226 457 528 504 cognoscere,
573 449 649 488 aut
681 443 934 504 intelligere
968 445 1141 504 potuit,
1186 445 1232 489 in
1265 450 1437 491 tantum
1472 448 1610 492 mira-

223 520 296 557 tur
331 526 385 556 ac
421 511 592 572 diligit,
635 517 950 572 tantorumque
983 514 1239 572 nominum,
1284 516 1466 575 quibus,
1485 522 1608 562 ortus

223 587 312 639 est,
348 588 656 626 ornamentum
692 582 873 630 iudicat.

359 650 493 695 CAP.
530 650 671 696 CXV.
717 650 883 697 Caesar
925 650 986 694 ad
1030 650 1217 696 alteram
1259 651 1370 696 belli
1415 652 1607 698 Delma-

221 719 297 764 tici
333 720 504 764 molem
546 720 742 764 animum
789 727 924 779 atque
971 735 1098 764 arma
1140 719 1342 767 contulit.
1421 721 1474 766 ln
1515 738 1607 781 qua

221 789 410 849 regione
445 789 569 847 quali
602 789 807 835 adiutore
858 790 1106 850 legatoque
1155 790 1292 834 fratre
1326 805 1453 847 mec,
1497 786 1605 836 Me-

220 859 302 917 gio
339 857 499 903 Celere
534 858 771 903 Velleiano
807 874 910 905 usus
945 858 1020 917 sit,
1065 857 1201 918 ipsius
1247 860 1477 919 patrisque
1511 861 1604 922 eius

218 928 558 986 praedicatione
593 934 802 972 testatum
838 934 924 984 est,
962 932 1006 972 et
1041 928 1416 986 amplissimorum
1449 928 1604 974 hono-

217 1011 342 1051 rum,
387 996 548 1055 quibus
590 997 873 1056 triumphans
919 1011 1023 1041 eum
1067 995 1232 1042 Caesar
1276 997 1483 1054 donavit,
1542 1000 1604 1044 si-

178 1069 206 1110 2
217 1071 328 1126 gnat
357 1066 588 1112 memoria.
658 1067 789 1111 Initio
825 1066 1000 1112 aestatis
1034 1065 1264 1126 Lepidus,
1312 1066 1478 1112 educto
1513 1066 1604 1126 hy-

214 1135 363 1180 bernis
399 1137 611 1190 exercitu,
644 1150 730 1196 per
763 1137 910 1197 gentis
943 1136 1140 1195 integras
1174 1136 1486 1195 immunesque
1516 1137 1602 1181 ad-

214 1203 308 1250 huc
344 1205 475 1250 clade
511 1205 648 1262 belli,
697 1210 742 1250 et
788 1220 844 1250 eo
891 1205 1069 1251 feroces
1105 1220 1159 1251 ac
1193 1212 1364 1260 truces,
1412 1205 1601 1250 tendens

213 1273 275 1317 ad
309 1274 547 1319 Tiberium
581 1274 929 1334 imperatorem,
977 1280 1022 1318 et
1067 1288 1172 1318 cum
1217 1273 1491 1321 difficultate
1525 1275 1600 1320 lo·-

202 1339 399 1399 'corum,
444 1348 489 1387 et
534 1357 637 1388 cum
682 1345 728 1388 vi
772 1343 970 1389 hostium
1013 1342 1230 1401 luctatus,

209 1497 367 1539 mribus,
400 1498 446 1532 ob
470 1508 617 1542 sequens
638 1509 766 1533 eorum.
800 1498 872 1533 Sed

209 1545 291 1578 vide
328 1545 573 1579 Burmannum
619 1545 713 1580 hunc
753 1547 871 1581 locum

199 1590 298 1627 ¹‘bene
320 1591 563 1635 explicantem.

253 1638 384 1672 nomini
407 1658 451 1663 —
473 1638 661 1682 proximus.
705 1636 767 1672 Sic
790 1638 870 1672 Aci-

208 1683 323 1720 dalius
355 1685 517 1720 correxit.
553 1684 644 1719 Edit.
670 1696 722 1728 pr.
759 1685 870 1719 uomi-

207 1741 274 1764 ms.

253 1781 316 1811 aut
344 1777 543 1823 intelligere
562 1777 686 1822 potuit.
714 1776 760 1811 Π.
785 1776 865 1812 116.

204 1834 306 1868 quem
341 1824 477 1865 virum,
528 1835 572 1858 ne
605 1824 666 1868 qui
699 1824 868 1859 intellexit

203 1869 365 1913 quidem,
420 1871 560 1904 abunde
604 1870 753 1904 miratus
801 1876 865 1904 est.

202 1915 285 1950 vim
317 1915 415 1950 verbi
457 1917 656 1961 intelligere
695 1915 866 1960 explicui-

202 1972 283 1996 mus
315 1962 361 1997 ad
391 1963 506 2000 Rutil.
542 1963 632 2007 Lup.
666 1962 696 1997 Ι.
721 1962 756 1997 4.
779 1973 863 2008 pag.

248 2054 349 2094 CAP.
374 2054 481 2089 CXV.
517 2057 552 2097 ἓ.
583 2054 616 2091 1.
651 2055 693 2088 1η
715 2066 786 2100 qua
808 2066 864 2089 re·-

199 2101 306 2146 gione
337 2102 436 2146 quali
468 2102 627 2136 adiutore
658 2105 723 2136 etc.
764 2102 863 2135 luso-

199 2147 328 2182 lentior
350 2148 439 2182 haec
462 2147 596 2182 locutio
615 2147 753 2183 videtur
768 2148 862 2182 Bur-

197 2204 327 2229 manno
359 2195 405 2229 ad
428 2194 611 2229 Claudiam.
644 2194 682 2228 in
715 2195 860 2239 Eun-op.

196 2240 241 2274 11.
265 2240 348 2275 247.
387 2241 480 2285 quod
514 2241 614 2286 regio
646 2240 691 2275 ad
711 2242 858 2276 Delma-

197 2287 303 2322 ticum
327 2287 465 2329 bellum,
487 2299 552 2332 pro
570 2287 704 2322 bellum
721 2287 758 2321 in
774 2288 860 2322 Dal-

196 2333 329 2375 mutia,
361 2335 526 2369 refertur.
560 2334 605 2369 At
645 2333 738 2368 mihi
776 2335 858 2368 nul-

194 2379 271 2414 lum
303 2380 450 2414 dubium
473 2383 547 2422 est,
585 2379 670 2425 quin
700 2380 857 2415 Velleius

194 2426 394 2471 scripserit.
438 2428 476 2460 in
516 2438 587 2472 qua
638 2427 855 2472 expeditione

193 2473 293 2517 quali
315 2474 475 2508 adiutore
498 2477 563 2507 ete.

245 2518 371 2565 Magio
398 2520 516 2554 Celere
538 2520 604 2554 ulli
626 2521 739 2564 flano-

191 2563 382 2609 legendum
413 2570 521 2609 puto.
571 2566 697 2621 Magio
734 2565 853 2601 Celere

195 2611 358 2655 Ulfflano.
390 2612 532 2647 Bolum.
564 2612 660 2647 Edit.
682 2625 736 2657 pr.
769 2613 853 2647 Ma-

190 2658 253 2712 gio
289 2659 407 2692 Celere
437 2660 502 2692 ulli
527 2661 639 2703 flanq.
680 2670 746 2703 pro
776 2670 848 2703 quo

186 2702 310 2740 Editor
323 2704 436 2738 Basil.
452 2705 613 2750 scripsit.
641 2705 766 2750 Magio
783 2707 848 2740 Ce-

185 2750 259 2786 lere
306 2750 494 2787 Velleiano.
539 2752 614 2788 Nec
654 2751 844 2797 quicquam

597 2894 616 2907 r)

775 2520 853 2566 Ego
863 2525 866 2529 ’

1292 1358 1461 1406 magna
1496 1359 1600 1391 Cum

939 1507 1087 1533 caussae
1109 1499 1203 1538 erat,
1234 1507 1301 1533 cur
1322 1499 1367 1533 de
1395 1491 1460 1533 illa
1483 1509 1602 1533 eorre-

939 1544 1052 1579 ctione
1084 1544 1262 1579 dubitaret
1294 1546 1501 1582 Dodwellus
1531 1547 1597 1581 An-

938 1592 1010 1626 nal.
1035 1590 1157 1625 Vellei.
1181 1593 1213 1634 ς.
1235 1590 1272 1626 7.

986 1643 1021 1672 et
1077 1637 1369 1682 amplissimorum
1434 1637 1599 1672 honorum

938 1686 1004 1719 etc.
1051 1684 1142 1717 Cum
1187 1682 1310 1728 Lipsio
1355 1684 1524 1729 legerim:
1564 1690 1598 1718 et

937 1730 1226 1775 amplissimorum
1251 1731 1417 1765 donorum
1441 1734 1506 1765 etc.
1529 1741 1599 1764 non

936 1789 1006 1821 quo
1047 1777 1153 1810 honor
1194 1788 1259 1820 pro
1297 1777 1389 1812 dono
1427 1777 1498 1811 dici
1531 1788 1597 1810 ne-

934 1824 1067 1864 sciam,
1109 1821 1170 1857 sed
1203 1823 1298 1867 quod
1331 1823 1430 1858 donis
1464 1824 1595 1858 donare

935 1870 972 1904 in
995 1869 1059 1903 tali
1082 1880 1121 1903 re
1151 1869 1334 1913 sollemnis
1367 1874 1403 1904 et
1426 1875 1596 1914 perpetua

933 1916 1091 1950 formula
1109 1920 1227 1959 est,ut
1249 1917 1285 1950 in
1302 1916 1478 1961 lapidibus
1501 1916 1595 1960 apud

935 1963 1079 1996 Gruter.
1120 1973 1205 2007 pag.
1245 1961 1327 1996 350.
1369 1963 1404 1996 1.
1435 1962 1594 1997 Fubrett.

930 2018 1013 2053 pag.
1038 2008 1118 2043 127.
1143 2008 1320 2044 Mun-ator.
1349 2020 1430 2054 pag.
1453 2008 1535 2045 799.
1556 2008 1591 2043 6.

935 2054 1105 2098 [Eandem
1136 2055 1244 2089 redde
1279 2055 1411 2099 Sulpie.
1447 2054 1529 2089 Sev.
1563 2054 1590 2090 1.

931 2100 987 2134 12.
1023 2101 1082 2135 Ita
1115 2112 1174 2137 eos
1216 2100 1374 2136 oneratos
1398 2103 1591 2144 frumento,

931 2147 1118 2192 multisque
1152 2149 1320 2191 donatos,
1362 2149 1500 2181 domum
1533 2159 1591 2181 re-

930 2194 1037 2228 misit
1076 2194 1141 2229 ubi
1183 2195 1282 2228 donis
1325 2198 1405 2229 ante
1445 2194 1591 2238 donatqs

927 2239 1119 2284 excidisse,
1147 2241 1284 2275 clarum
1307 2243 1369 2277 est.
1401 2241 1454 2274 Ex
1481 2241 1588 2285 Anu]

973 2289 1007 2330 §.
1033 2287 1072 2321 2.
1106 2288 1290 2333 pergentis
1322 2287 1483 2333 integras
1523 2287 1588 2320 im·
1597 2294 1601 2298 ·

925 2345 1115 2380 manesque
1154 2334 1298 2370 adhuc
1313 2334 1606 2377 ete.1·lxem1›l.¹

923 2384 1055 2416 vetunt.
1078 2381 1204 2415 habet:
1234 2380 1416 2426 pergentis
1437 2380 1475 2414 in
1497 2380 1588 2413 inte-

921 2438 1012 2482 gras
1035 2429 1270 2471 immunesque
1294 2427 1409 2461 adhuc
1431 2429 1501 2460 etc.
1524 2424 1586 2460 Ni-

921 2473 954 2508 si
976 2473 1059 2518 quis
1088 2473 1233 2508 mavelit
1256 2474 1394 2519 legere.
1425 2473 1462 2507 in
1494 2473 1586 2507 inte-

920 2525 1055 2566 gratas
1076 2521 1310 2565 immunesque
1343 2519 1458 2554 adhuc
1483 2519 1586 2553 clade

921 2567 1018 2602 belli.
1061 2578 1143 2601 eum
1174 2567 1325 2611 exempl.
1359 2568 1488 2600 vetust.
1518 2565 1584 2600 ha-

918 2612 1016 2657 beat,
1040 2613 1078 2647 in
1099 2613 1300 2668 integritas.
1323 2612 1468 2646 Bumm.
1485 2610 1581 2646 Edit.

914 2658 1425 2751 33¹3.20}'i;‘2'.0'11‘f⁸‹1313·‘5-g⁷2332
1451 2658 1583 2752 3¹}ssssss

911 2751 1080 2800 integras
1101 2756 1167 2789 etc.
