1728 3054
193 201 338 243 GKVH!
504 195 796 245 Horma
839 193 1264 245 LITTERAMA

198 311 274 352 stri
308 312 468 352 constat
505 320 559 349 ex
593 311 826 357 auctorum,
875 320 978 360 quos
1024 313 1188 350 secutus
1238 313 1346 364 est„
1370 311 1586 364 probitate.

199 369 287 409 Hos
321 372 454 412 autem
484 377 681 416 nusquam
709 366 963 417 monstravit,
998 372 1162 418 praeter
1203 367 1422 418 Catonem,
1467 381 1589 422 quem

203 426 257 465 de
286 437 331 464 re
360 422 498 468 Italica
527 426 570 468 et
597 426 731 462 aetate
761 423 925 474 Capuae
952 423 1064 470 urbis
1093 424 1277 464 confutat
1303 423 1392 475 L‘t.
1421 429 1464 466 et
1481 426 1590 466 Hor-

203 481 400 528 tensium,
437 478 632 523 adouius
658 479 822 526 annales
860 479 1018 532 relegat
1053 479 1102 519 11.
1133 484 1200 530 16.
1237 481 1321 520 Sed
1360 481 1534 522 alienum
1564 495 1591 522 a

210 537 492 590 probabilitate
519 547 600 575 non
628 540 712 586 est,
754 535 956 577 Velleium
993 536 1036 581 in
1073 538 1198 577 rebus
1227 537 1450 588 Romanis,
1487 549 1591 591 quos

207 595 250 634 in
276 605 402 645 opere
432 604 506 638 suo
549 588 630 646 (ΙΙ.
660 597 701 636 9.
731 597 774 633 et
800 592 897 647 36.)
938 593 1075 634 laudat
1112 594 1327 635 historicos
1363 596 1592 648 populares,

206 663 278 690 eos
307 649 498 692 habuisse
527 649 710 697 cognitos
747 653 869 701 atque
908 650 1179 704 consuluisse,
1215 664 1251 693 v,
1281 664 1317 693 c.
1356 650 1594 702 Sisennam,

210 706 399 754 Coelium
430 705 729 758 Antipatrum,
768 705 975 746 Rutilium
1004 706 1187 760 Rasum,
1230 707 1448 754 Claudium
1478 708 1593 759 Qua-

206 763 470 818 drigarium,
505 760 721 810 Valerium
749 763 995 813 Antiatem,
1031 777 1130 816 prae
1159 765 1307 805 ceteris
1337 764 1595 806 Sallustium

207 826 250 861 et
280 819 476 866 Livc'um3
510 818 624 860 illum
663 820 827 871 quidem
856 833 936 860 non
975 820 1105 860 solum
1145 822 1199 861 de
1237 821 1470 862 Catilinaria
1497 834 1604 862 con-r

206 877 406 924 iuratione
443 880 486 924 et
521 875 574 915 de
611 876 720 917 bello
747 876 1010 928 Iugurthino,
1062 877 1137 917 sed
1174 879 1296 918 etiam
1331 879 1386 918 de
1423 879 1598 930 reliquis

206 936 354 982 rebus,
385 945 485 984 quas
514 932 773 986 deperditum
801 934 909 973 illius
944 945 1044 986 opus
1075 935 1429 987 complectebatur.
1488 936 1596 982 Nam

207 995 425 1042 utrumque
461 989 685 1042 principem
722 991 1007 1030 historicorum
1043 991 1315 1032 Romanorum
1353 991 1514 1044 saepius
1542 991 1607 1031 ad-

207 1049 332 1100 verba
359 1047 449 1091 fere
477 1059 606 1098 usque
635 1047 847 1100 expressit.
904 1046 1073 1087 Praeter
1108 1048 1185 1088 hos
1224 1049 1346 1088 etiam
1385 1049 1486 1088 alios
1525 1061 1598 1088 au-

207 1110 365 1153 ctores,
410 1103 478 1154 qui
516 1116 653 1143 rerum
692 1105 777 1144 aevi
807 1104 869 1143 sui
904 1109 1042 1156 partes
1081 1111 1271 1156 egerunt,
1309 1110 1352 1144 ct
1379 1110 1470 1145 acta
1499 1118 1523 1145 a
1550 1117 1598 1146 se
1674 1103 1675 1106 ’

210 1162 339 1202 literis
369 1160 678 1211 consignarunt,
708 1161 941 1200 adhibuisse
969 1161 1010 1200 in
1040 1174 1136 1201 usus
1164 1175 1260 1201 suos
1289 1162 1462 1211 videtur,
1490 1175 1528 1202 v·
1562 1173 1599 1204 c.

213 1217 428 1259 Ciceronis
452 1218 624 1269 scripta,
665 1217 849 1270 inprimis
877 1218 1105 1266 orationes,
1144 1219 1407 1271 eiusdemque
1447 1222 1492 1258 et
1530 1230 1601 1258 ae-

212 1275 388 1327 qualium
418 1273 632 1326 epistolas‚
671 1274 843 1316 forsitan
885 1287 1047 1326 quoque
1073 1278 1116 1314 et
1144 1280 1234 1315 acta
1262 1276 1498 1326 tabulasque
1525 1287 1602 1327 pu·
1641 1315 1643 1319 Α

210 1331 359 1383 blicas,
395 1330 539 1379 saltem
578 1332 628 1370 ab
667 1331 756 1370 aliis
789 1332 870 1370 iam
913 1331 1176 1382 scriptoribus
1212 1331 1364 1383 publici
1399 1331 1499 1371 iuris
1538 1330 1601 1370 fa-

212 1394 313 1430 ctas.
375 1386 430 1433 Ut
469 1387 575 1430 enim
614 1400 895 1439 nonnunquam
940 1387 1178 1428 Ciceronem
1213 1388 1345 1440 ipsum
1384 1388 1603 1440 expressit,

210 1446 268 1485 ita
297 1456 458 1497 quoque
485 1445 528 1482 in
556 1457 658 1496 pace
687 1456 779 1484 cum
809 1443 1048 1484 Mithridate
1077 1457 1152 1496 per
1181 1445 1334 1485 Sullam
1365 1443 1497 1493 facta,
1528 1442 1600 1499 (ΙΙ.

211 1499 301 1557 23.)
335 1505 377 1541 et
406 1501 447 1540 in
475 1500 591 1540 Bruti
620 1501 832 1552 Cassiique
861 1500 1020 1550 edicto,
1052 1497 1123 1555 (ΙΙ.
1150 1498 1240 1556 62.)
1269 1501 1392 1542 verba
1422 1501 1512 1554 ipsa
1540 1505 1602 1540 ta-

213 1559 312 1607 lium
341 1563 523 1604 actorum
551 1558 803 1611 publicorum
840 1562 1003 1597 secutus
1034 1570 1125 1597 esse
1160 1558 1332 1598 videtur.
1390 1557 1435 1597 In
1466 1557 1604 1597 Grae-

216 1628 359 1656 corum
389 1619 702 1666 exterorumque
731 1618 866 1654 autem
894 1613 1066 1654 historia
1095 1627 1289 1666 quosnam
1317 1619 1503 1655 auctores
1524 1614 1612 1653 ha*

193 1670 584 1721 'buerit.Velleius‚
622 1672 714 1725 ipso
756 1675 920 1711 tacente
954 1683 1150 1723 nusquam
1189 1676 1358 1724 apparet
1383 1672 1427 1711 in
1454 1670 1604 1724 prioris

215 1728 310 1777 libri
337 1733 453 1780 parte
480 1729 721 1780 superstite3
760 1728 830 1779 qui
869 1727 904 1767 si
941 1732 1050 1768 totus
1079 1733 1333 1780 superesset,
1370 1729 1607 1768 coniectura

218 1784 389 1826 forsitan
417 1784 569 1835 aliquid
597 1784 760 1835 assequi
783 1784 939 1824 liceret.
999 1784 1035 1823 E
1063 1784 1304 1836 Thucydide
1332 1797 1454 1834 sane,
1483 1796 1604 1836 quem

220 1840 402 1886 Sallustii
446 1843 634 1892 magnum
680 1840 887 1892 exemplar
935 1839 1007 1893 (11.
1044 1843 1146 1889 36.)
1185 1842 1345 1891 laudat,
1391 1842 1433 1880 in
1476 1840 1606 1880 Grae-

222 1911 361 1938 corum
405 1897 574 1936 historia
618 1897 788 1936 multum
816 1896 1015 1948 proficere
1051 1898 1210 1949 potuit3
1252 1910 1306 1937 ne
1344 1902 1479 1937 tamen
1511 1909 1606 1943 eum

222 1954 472 2006 reliquorum
513 1954 801 1993 historicorum
841 1953 1040 1994 Graeciae
1081 1954 1210 1993 fuisse
1258 1960 1468 2007 expertem
1494 1954 1607 1994 dice-

222 2024 269 2051 re
306 2011 447 2052 ausim.
508 2010 638 2050 Multa
674 2022 834 2062 quoque
869 2023 1004 2049 rerum
1041 2009 1289 2051 Graecarum
1328 2011 1607 2050 barbararum-

197 2080 304 2120 2qne
333 2079 358 2107 e
386 2067 523 2118 Trogo
551 2067 745 2119 Pompeio
777 2066 940 2110 haurire
968 2067 1123 2119 potuit,
1163 2073 1206 2107 et
1241 2067 1419 2108 fortasse
1457 2067 1608 2115 hausit,

225 2129 404 2170 attamen
443 2136 523 2164 non
559 2128 772 2177 perpetuo.
830 2124 977 2165 Statim
1015 2124 1124 2164 enim
1159 2124 1208 2163 ab
1243 2125 1357 2164 initio
1396 2123 1556 2164 recedit
1582 2136 1608 2163 a

227 2181 358 2228 fama,
397 2193 515 2231 quam
555 2186 717 2220 secutus
757 2184 822 2219 est
861 2180 1020 2232 Trogus
1050 2181 1102 2220 de
1129 2181 1357 2233 Metaponti
1384 2180 1607 2221 conditore.

226 2237 320 2278 vid.
352 2236 551 2277 Addenda
581 2237 644 2285 ed,
675 2242 836 2276 nostrae
865 2238 955 2276 mai.
995 2237 1047 2278 ad
1087 2237 1116 2276 Ι.
1153 2241 1192 2279 1.
1223 2238 1285 2278 Ibi
1314 2237 1422 2284 enim
1451 2242 1494 2276 et
1517 2236 1608 2276 aliis

226 2295 269 2333 in
307 2293 407 2333 locis
446 2293 619 2346 passim,
659 2294 729 2333 ubi
770 2307 792 2332 a
831 2294 986 2345 vulgari
1024 2295 1218 2334 memoria
1255 2294 1451 2333 recedere
1490 2293 1608 2332 vide-

227 2356 315 2399 tur,
349 2350 467 2393 aliam
495 2350 643 2390 famam
680 2363 704 2389 a
734 2350 850 2389 bonis
886 2351 1149 2402 scriptoribus
1186 2355 1383 2390 servatam
1413 2349 1609 2390 Nostrum

228 2411 412 2453 secutum
454 2419 568 2458 esse,
611 2407 860 2446 eruditorum
901 2420 1071 2458 meaque
1121 2407 1253 2459 opella
1291 2407 1608 2446 demonstratum

229 2469 315 2512 est3
360 2464 440 2503 vid.
469 2476 504 2503 v.
534 2476 569 2505 c.
597 2463 758 2512 Ruhnk.
788 2464 839 2502 ad
870 2462 902 2503 1.
930 2467 973 2506 4.
1014 2468 1057 2503 et
1090 2464 1196 2504 Add.
1237 2469 1375 2504 nostra
1410 2462 1462 2502 ad
1500 2463 1530 2502 Ι.
1566 2465 1608 2504 3.

241 2533 289 2560 vr.
320 2526 398 2560 etc.
775 2555 777 2557 ,

229 2534 244 2573 l
341 2576 634 2616 Firmissimnm
663 2579 798 2616 autem
826 2574 925 2622 fidei
945 2574 1094 2616 velleii
1118 2579 1397 2628 argumentum
1424 2577 1490 2614 est
1516 2586 1611 2628 per-

229 2638 373 2686 petuus
403 2633 494 2672 fere
523 2645 740 2672 consensus
767 2632 854 2672 eius
883 2645 974 2671 cum
1002 2632 1091 2672 aliis
1121 2633 1366 2680 auctoribus,
1385 2643 1486 2683 quos
1514 2643 1613 2670 cou-

229 2689 365 2729 sulere
394 2689 447 2728 dc
476 2691 620 2740 rebus,
651 2702 750 2741 quas
779 2693 949 2737 tractat,
979 2688 1043 2728 fas
1073 2693 1159 2738 est,
1199 2689 1348 2742 quique
1375 2687 1612 2728 memoriam

226 2756 363 2787 rerum
411 2745 521 2791 haud
568 2746 773 2798 vulgarem
820 2746 899 2786 sibi
937 2746 1128 2792 traditam
1174 2749 1393 2793 servarunt,
1462 2743 1508 2784 lu
1544 2743 1612 2784 his
