<?xml version="1.0" encoding="UTF-8"?>
<!DOCTYPE html PUBLIC "-//W3C//DTD XHTML 1.0 Transitional//EN"
    "http://www.w3.org/TR/xhtml1/DTD/xhtml1-transitional.dtd">
<html xmlns="http://www.w3.org/1999/xhtml" xml:lang="en" lang="en">
 <head>
  <title>
</title>
<meta http-equiv="Content-Type" content="text/html;charset=utf-8" />
  <meta name='ocr-system' content='tesseract 3.04.00' />
  <meta name='ocr-capabilities' content='ocr_page ocr_carea ocr_par ocr_line ocrx_word'/>
</head>
<body>
  <div class='ocr_page' id='page_1' title='image "./quaesupersuntexh00velluoft_0248.png"; bbox 0 0 1728 3054; ppageno 0'>
   <div class='ocr_carea' id='block_1_1' title="bbox 211 227 1305 277">
    <p class='ocr_par' dir='ltr' id='par_1_1' title="bbox 211 227 1305 277">
     <span class='ocr_line' id='line_1_1' title="bbox 211 227 1305 277; baseline 0.003 -6"><span class='ocrx_word' id='word_1_1' title='bbox 211 234 270 277; x_wconf 78' lang='grc'><strong>60</strong></span> <span class='ocrx_word' id='word_1_2' title='bbox 506 229 554 272; x_wconf 80' lang='grc' dir='ltr'><strong>Ο.</strong></span> <span class='ocrx_word' id='word_1_3' title='bbox 583 227 865 272; x_wconf 75' lang='lat' dir='ltr'><strong>VELLml</strong></span> <span class='ocrx_word' id='word_1_4' title='bbox 904 227 1305 274; x_wconf 71' lang='lat' dir='ltr'><strong>PATERcUm</strong></span> 
     </span>
    </p>
   </div>
   <div class='ocr_carea' id='block_1_2' title="bbox 216 337 1607 409">
    <p class='ocr_par' dir='ltr' id='par_1_2' title="bbox 216 337 1607 409">
     <span class='ocr_line' id='line_1_2' title="bbox 216 337 1607 409; baseline 0.001 -17"><span class='ocrx_word' id='word_1_5' title='bbox 216 344 575 409; x_wconf 76' lang='lat' dir='ltr'><strong>praetereundus</strong></span> <span class='ocrx_word' id='word_1_6' title='bbox 609 337 827 390; x_wconf 79' lang='lat' dir='ltr'><strong>Metellus</strong></span> <span class='ocrx_word' id='word_1_7' title='bbox 866 345 1158 406; x_wconf 87' lang='lat' dir='ltr'><strong>Numidicus,</strong></span> <span class='ocrx_word' id='word_1_8' title='bbox 1204 353 1251 394; x_wconf 86' lang='lat' dir='ltr'><strong>et</strong></span> <span class='ocrx_word' id='word_1_9' title='bbox 1292 346 1512 405; x_wconf 79' lang='lat' dir='ltr'><strong>Scaurus,</strong></span> <span class='ocrx_word' id='word_1_10' title='bbox 1558 354 1607 394; x_wconf 81' lang='lat' dir='ltr'><strong>et</strong></span> 
     </span>
    </p>
   </div>
   <div class='ocr_carea' id='block_1_3' title="bbox 177 413 1316 469">
    <p class='ocr_par' dir='ltr' id='par_1_3' title="bbox 177 413 1316 469">
     <span class='ocr_line' id='line_1_3' title="bbox 177 413 1316 469; baseline 0.003 -9"><span class='ocrx_word' id='word_1_11' title='bbox 177 422 320 466; x_wconf 87' lang='lat' dir='ltr'><strong>2ante</strong></span> <span class='ocrx_word' id='word_1_12' title='bbox 356 429 515 458; x_wconf 89' lang='lat' dir='ltr'><strong>omnes</strong></span> <span class='ocrx_word' id='word_1_13' title='bbox 553 413 608 458; x_wconf 89' lang='lat' dir='ltr'><strong>L.</strong></span> <span class='ocrx_word' id='word_1_14' title='bbox 649 413 855 469; x_wconf 81' lang='lat' dir='ltr'><strong>Crassus,</strong></span> <span class='ocrx_word' id='word_1_15' title='bbox 895 421 939 460; x_wconf 90' lang='lat' dir='ltr'><strong>et</strong></span> <span class='ocrx_word' id='word_1_16' title='bbox 975 415 1043 461; x_wconf 88' lang='lat' dir='ltr'><strong>M.</strong></span> <span class='ocrx_word' id='word_1_17' title='bbox 1084 417 1316 463; x_wconf 83' lang='lat' dir='ltr'><strong>Antonius.</strong></span> 
     </span>
    </p>
   </div>
   <div class='ocr_carea' id='block_1_4' title="bbox 1397 418 1604 473">
    <p class='ocr_par' dir='ltr' id='par_1_4' title="bbox 1397 418 1604 473">
     <span class='ocr_line' id='line_1_4' title="bbox 1397 418 1604 473; baseline 0.01 -11"><span class='ocrx_word' id='word_1_18' title='bbox 1397 418 1604 473; x_wconf 81' lang='lat' dir='ltr'><strong>Quorum</strong></span> 
     </span>
    </p>
   </div>
   <div class='ocr_carea' id='block_1_5' title="bbox 217 475 1604 544">
    <p class='ocr_par' dir='ltr' id='par_1_5' title="bbox 217 475 1604 544">
     <span class='ocr_line' id='line_1_5' title="bbox 217 475 1604 544; baseline 0.001 -14"><span class='ocrx_word' id='word_1_19' title='bbox 217 484 354 530; x_wconf 89' lang='lat' dir='ltr'><strong>aetati</strong></span> <span class='ocrx_word' id='word_1_20' title='bbox 393 483 675 544; x_wconf 83' lang='lat' dir='ltr'><strong>ingeniisque</strong></span> <span class='ocrx_word' id='word_1_21' title='bbox 714 499 967 530; x_wconf 76' lang='lat' dir='ltr'><strong>successere</strong></span> <span class='ocrx_word' id='word_1_22' title='bbox 1009 475 1062 532; x_wconf 68' lang='lat' dir='ltr'><strong>C.</strong></span> <span class='ocrx_word' id='word_1_23' title='bbox 1109 485 1275 531; x_wconf 86' lang='lat' dir='ltr'><strong>Caesar</strong></span> <span class='ocrx_word' id='word_1_24' title='bbox 1308 486 1499 543; x_wconf 85' lang='lat' dir='ltr'><strong>Strabo,</strong></span> <span class='ocrx_word' id='word_1_25' title='bbox 1551 486 1604 532; x_wconf 82' lang='lat' dir='ltr'><strong>P.</strong></span> 
     </span>
    </p>
   </div>
   <div class='ocr_carea' id='block_1_6' title="bbox 216 553 461 612">
    <p class='ocr_par' dir='ltr' id='par_1_6' title="bbox 216 553 461 612">
     <span class='ocr_line' id='line_1_6' title="bbox 216 553 461 612; baseline 0.004 -14"><span class='ocrx_word' id='word_1_26' title='bbox 216 553 461 612; x_wconf 78' lang='lat' dir='ltr'><strong>Sulpicius,</strong></span> 
     </span>
    </p>
   </div>
   <div class='ocr_carea' id='block_1_7' title="bbox 529 552 1606 616">
    <p class='ocr_par' dir='ltr' id='par_1_7' title="bbox 529 552 1606 616">
     <span class='ocr_line' id='line_1_7' title="bbox 529 552 1606 616; baseline 0.002 -18"><span class='ocrx_word' id='word_1_27' title='bbox 529 553 647 598; x_wconf 91' lang='lat' dir='ltr'><strong>Nam</strong></span> <span class='ocrx_word' id='word_1_28' title='bbox 677 552 736 609; x_wconf 80' lang='lat' dir='ltr'><strong>Q.</strong></span> <span class='ocrx_word' id='word_1_29' title='bbox 764 553 946 600; x_wconf 88' lang='lat' dir='ltr'><strong>Mucius</strong></span> <span class='ocrx_word' id='word_1_30' title='bbox 974 555 1078 599; x_wconf 88' lang='lat' dir='ltr'><strong>iuris</strong></span> <span class='ocrx_word' id='word_1_31' title='bbox 1098 556 1295 612; x_wconf 86' lang='lat' dir='ltr'><strong>scientia,</strong></span> <span class='ocrx_word' id='word_1_32' title='bbox 1329 571 1466 615; x_wconf 86' lang='lat' dir='ltr'><strong>quam</strong></span> <span class='ocrx_word' id='word_1_33' title='bbox 1493 571 1606 616; x_wconf 83' lang='lat' dir='ltr'><strong>pro·</strong></span> 
     </span>
    </p>
   </div>
   <div class='ocr_carea' id='block_1_8' title="bbox 177 622 1610 1032">
    <p class='ocr_par' dir='ltr' id='par_1_8' title="bbox 177 622 1610 1032">
     <span class='ocr_line' id='line_1_8' title="bbox 177 622 1607 683; baseline 0.002 -17"><span class='ocrx_word' id='word_1_34' title='bbox 177 623 316 683; x_wconf 74' lang='lat' dir='ltr'><strong>gprie</strong></span> <span class='ocrx_word' id='word_1_35' title='bbox 345 622 634 681; x_wconf 75' lang='lat' dir='ltr'><strong>eloquentiae</strong></span> <span class='ocrx_word' id='word_1_36' title='bbox 661 624 865 679; x_wconf 87' lang='lat' dir='ltr'><strong>nomine,</strong></span> <span class='ocrx_word' id='word_1_37' title='bbox 905 624 1128 669; x_wconf 86' lang='lat' dir='ltr'><strong>celebrior</strong></span> <span class='ocrx_word' id='word_1_38' title='bbox 1162 626 1260 671; x_wconf 80' lang='lat' dir='ltr'><strong>fuit.</strong></span> <span class='ocrx_word' id='word_1_39' title='bbox 1298 625 1434 671; x_wconf 87' lang='lat' dir='ltr'><strong>Clara</strong></span> <span class='ocrx_word' id='word_1_40' title='bbox 1472 626 1607 670; x_wconf 87' lang='lat' dir='ltr'><strong>etiam</strong></span> 
     </span>
     <span class='ocr_line' id='line_1_9' title="bbox 214 691 1608 756; baseline 0.001 -19"><span class='ocrx_word' id='word_1_41' title='bbox 214 707 302 753; x_wconf 89' lang='lat' dir='ltr'><strong>per</strong></span> <span class='ocrx_word' id='word_1_42' title='bbox 327 691 457 737; x_wconf 85' lang='lat' dir='ltr'><strong>idem</strong></span> <span class='ocrx_word' id='word_1_43' title='bbox 488 692 586 737; x_wconf 86' lang='lat' dir='ltr'><strong>aevi</strong></span> <span class='ocrx_word' id='word_1_44' title='bbox 606 694 809 752; x_wconf 86' lang='lat' dir='ltr'><strong>spacium</strong></span> <span class='ocrx_word' id='word_1_45' title='bbox 829 693 959 738; x_wconf 82' lang='lat' dir='ltr'><strong>fuere</strong></span> <span class='ocrx_word' id='word_1_46' title='bbox 978 694 1186 754; x_wconf 86' lang='lat' dir='ltr'><strong>ingenia,</strong></span> <span class='ocrx_word' id='word_1_47' title='bbox 1221 696 1268 740; x_wconf 85' lang='lat' dir='ltr'><strong>in</strong></span> <span class='ocrx_word' id='word_1_48' title='bbox 1280 694 1452 756; x_wconf 75' lang='lat' dir='ltr'><strong>togatis</strong></span> <span class='ocrx_word' id='word_1_49' title='bbox 1469 695 1608 739; x_wconf 83' lang='lat' dir='ltr'><strong>Afra-</strong></span> 
     </span>
     <span class='ocr_line' id='line_1_10' title="bbox 215 761 1610 823; baseline 0.001 -18"><span class='ocrx_word' id='word_1_50' title='bbox 215 762 306 821; x_wconf 73' lang='lat' dir='ltr'><strong>nii,</strong></span> <span class='ocrx_word' id='word_1_51' title='bbox 353 761 406 806; x_wconf 82' lang='lat' dir='ltr'><strong>iin</strong></span> <span class='ocrx_word' id='word_1_52' title='bbox 439 761 686 823; x_wconf 87' lang='lat' dir='ltr'><strong>tragoediis</strong></span> <span class='ocrx_word' id='word_1_53' title='bbox 725 763 932 820; x_wconf 86' lang='lat' dir='ltr'><strong>Pacuvii,</strong></span> <span class='ocrx_word' id='word_1_54' title='bbox 990 771 1126 822; x_wconf 85' lang='lat' dir='ltr'><strong>atque</strong></span> <span class='ocrx_word' id='word_1_55' title='bbox 1164 764 1318 821; x_wconf 88' lang='lat' dir='ltr'><strong>Accii,</strong></span> <span class='ocrx_word' id='word_1_56' title='bbox 1368 779 1512 823; x_wconf 88' lang='lat' dir='ltr'><strong>usque</strong></span> <span class='ocrx_word' id='word_1_57' title='bbox 1561 764 1610 808; x_wconf 92' lang='lat' dir='ltr'><strong>in</strong></span> 
     </span>
     <span class='ocr_line' id='line_1_11' title="bbox 215 831 1609 892; baseline 0.001 -16"><span class='ocrx_word' id='word_1_58' title='bbox 215 831 505 876; x_wconf 79' lang='lat' dir='ltr'><strong>Graecorum</strong></span> <span class='ocrx_word' id='word_1_59' title='bbox 535 831 820 892; x_wconf 85' lang='lat' dir='ltr'><strong>ingeniorum</strong></span> <span class='ocrx_word' id='word_1_60' title='bbox 853 835 1237 892; x_wconf 82' lang='lat' dir='ltr'><strong>comparationem</strong></span> <span class='ocrx_word' id='word_1_61' title='bbox 1277 840 1459 892; x_wconf 87' lang='lat' dir='ltr'><strong>evecta,</strong></span> <span class='ocrx_word' id='word_1_62' title='bbox 1480 867 1487 869; x_wconf 34' lang='lat' dir='ltr'><strong><em>s</em></strong></span> <span class='ocrx_word' id='word_1_63' title='bbox 1505 848 1609 877; x_wconf 76' lang='lat' dir='ltr'><strong>ma·-</strong></span> 
     </span>
     <span class='ocr_line' id='line_1_12' title="bbox 215 900 1607 963; baseline 0.001 -19"><span class='ocrx_word' id='word_1_64' title='bbox 215 915 454 960; x_wconf 88' lang='lat' dir='ltr'><strong>gnumque</strong></span> <span class='ocrx_word' id='word_1_65' title='bbox 493 900 607 944; x_wconf 89' lang='lat' dir='ltr'><strong>inter</strong></span> <span class='ocrx_word' id='word_1_66' title='bbox 635 900 724 945; x_wconf 91' lang='lat' dir='ltr'><strong>hos</strong></span> <span class='ocrx_word' id='word_1_67' title='bbox 762 901 884 960; x_wconf 88' lang='lat' dir='ltr'><strong>ipsos</strong></span> <span class='ocrx_word' id='word_1_68' title='bbox 918 901 1122 947; x_wconf 83' lang='lat' dir='ltr'><strong>facientis</strong></span> <span class='ocrx_word' id='word_1_69' title='bbox 1170 903 1300 963; x_wconf 88' lang='lat' dir='ltr'><strong>operi</strong></span> <span class='ocrx_word' id='word_1_70' title='bbox 1333 918 1414 947; x_wconf 89' lang='lat' dir='ltr'><strong>suo</strong></span> <span class='ocrx_word' id='word_1_71' title='bbox 1451 903 1607 947; x_wconf 91' lang='lat' dir='ltr'><strong>locum</strong></span> 
     </span>
     <span class='ocr_line' id='line_1_13' title="bbox 216 967 1608 1032; baseline 0.002 -19"><span class='ocrx_word' id='word_1_72' title='bbox 216 967 416 1031; x_wconf 72' lang='lat' dir='ltr'><strong>[Enni&#39;i];</strong></span> <span class='ocrx_word' id='word_1_73' title='bbox 450 969 569 1014; x_wconf 89' lang='lat' dir='ltr'><strong>adeo</strong></span> <span class='ocrx_word' id='word_1_74' title='bbox 597 971 806 1029; x_wconf 87' lang='lat' dir='ltr'><strong>quidem,</strong></span> <span class='ocrx_word' id='word_1_75' title='bbox 841 971 958 1015; x_wconf 90' lang='lat' dir='ltr'><strong>utin</strong></span> <span class='ocrx_word' id='word_1_76' title='bbox 985 971 1072 1015; x_wconf 85' lang='lat' dir='ltr'><strong>illis</strong></span> <span class='ocrx_word' id='word_1_77' title='bbox 1101 972 1256 1028; x_wconf 88' lang='lat' dir='ltr'><strong>limae,</strong></span> <span class='ocrx_word' id='word_1_78' title='bbox 1292 973 1340 1016; x_wconf 90' lang='lat' dir='ltr'><strong>in</strong></span> <span class='ocrx_word' id='word_1_79' title='bbox 1367 972 1462 1016; x_wconf 92' lang='lat' dir='ltr'><strong>hoc</strong></span> <span class='ocrx_word' id='word_1_80' title='bbox 1487 987 1608 1032; x_wconf 86' lang='lat' dir='ltr'><strong>pene</strong></span> 
     </span>
    </p>
   </div>
   <div class='ocr_carea' id='block_1_9' title="bbox 174 1038 1022 1105">
    <p class='ocr_par' dir='ltr' id='par_1_9' title="bbox 174 1038 1022 1105">
     <span class='ocr_line' id='line_1_14' title="bbox 174 1038 1022 1105; baseline 0.002 -23"><span class='ocrx_word' id='word_1_81' title='bbox 174 1038 318 1100; x_wconf 83' lang='lat' dir='ltr'><strong>4plus</strong></span> <span class='ocrx_word' id='word_1_82' title='bbox 360 1039 566 1084; x_wconf 84' lang='lat' dir='ltr'><strong>videatur</strong></span> <span class='ocrx_word' id='word_1_83' title='bbox 602 1040 736 1084; x_wconf 87' lang='lat' dir='ltr'><strong>fuisse</strong></span> <span class='ocrx_word' id='word_1_84' title='bbox 785 1040 1022 1105; x_wconf 85' lang='lat' dir='ltr'><strong>sanguinis.</strong></span> 
     </span>
    </p>
   </div>
   <div class='ocr_carea' id='block_1_10' title="bbox 1102 1039 1605 1087">
    <p class='ocr_par' dir='ltr' id='par_1_10' title="bbox 1102 1039 1605 1087">
     <span class='ocr_line' id='line_1_15' title="bbox 1102 1039 1605 1087; baseline -0.006 0"><span class='ocrx_word' id='word_1_85' title='bbox 1102 1039 1299 1087; x_wconf 88' lang='lat' dir='ltr'><strong>Celebre</strong></span> <span class='ocrx_word' id='word_1_86' title='bbox 1349 1047 1396 1086; x_wconf 87' lang='lat' dir='ltr'><strong>et</strong></span> <span class='ocrx_word' id='word_1_87' title='bbox 1441 1041 1605 1086; x_wconf 85' lang='lat' dir='ltr'><strong>Lucilii</strong></span> 
     </span>
    </p>
   </div>
   <div class='ocr_carea' id='block_1_11' title="bbox 210 1109 1608 1167">
    <p class='ocr_par' dir='ltr' id='par_1_11' title="bbox 210 1109 1608 1167">
     <span class='ocr_line' id='line_1_16' title="bbox 210 1109 1608 1167; baseline 0.001 -15"><span class='ocrx_word' id='word_1_88' title='bbox 210 1123 383 1153; x_wconf 86' lang='lat' dir='ltr'><strong>nomen</strong></span> <span class='ocrx_word' id='word_1_89' title='bbox 416 1109 526 1164; x_wconf 84' lang='lat' dir='ltr'><strong>fnit,</strong></span> <span class='ocrx_word' id='word_1_90' title='bbox 570 1109 650 1167; x_wconf 90' lang='lat' dir='ltr'><strong>qui</strong></span> <span class='ocrx_word' id='word_1_91' title='bbox 683 1110 766 1154; x_wconf 85' lang='lat' dir='ltr'><strong>sub</strong></span> <span class='ocrx_word' id='word_1_92' title='bbox 800 1110 853 1157; x_wconf 88' lang='lat' dir='ltr'><strong>P.</strong></span> <span class='ocrx_word' id='word_1_93' title='bbox 889 1109 1136 1166; x_wconf 85' lang='lat' dir='ltr'><strong>Africano,</strong></span> <span class='ocrx_word' id='word_1_94' title='bbox 1180 1111 1454 1154; x_wconf 87' lang='lat' dir='ltr'><strong>Numantino</strong></span> <span class='ocrx_word' id='word_1_95' title='bbox 1481 1110 1608 1155; x_wconf 89' lang='lat' dir='ltr'><strong>bello</strong></span> 
     </span>
    </p>
   </div>
   <div class='ocr_carea' id='block_1_12' title="bbox 213 1178 658 1235">
    <p class='ocr_par' dir='ltr' id='par_1_12' title="bbox 213 1178 658 1235">
     <span class='ocr_line' id='line_1_17' title="bbox 213 1178 658 1235; baseline 0.004 -13"><span class='ocrx_word' id='word_1_96' title='bbox 213 1192 352 1235; x_wconf 80' lang='lat' dir='ltr'><strong>eques</strong></span> <span class='ocrx_word' id='word_1_97' title='bbox 377 1178 658 1225; x_wconf 86' lang='lat' dir='ltr'><strong>militaverat.</strong></span> 
     </span>
    </p>
   </div>
   <div class='ocr_carea' id='block_1_13' title="bbox 728 1178 1610 1239">
    <p class='ocr_par' dir='ltr' id='par_1_13' title="bbox 728 1178 1610 1239">
     <span class='ocr_line' id='line_1_18' title="bbox 728 1178 1610 1239; baseline 0 -17"><span class='ocrx_word' id='word_1_98' title='bbox 728 1178 835 1233; x_wconf 77' lang='lat' dir='ltr'><strong>Quo</strong></span> <span class='ocrx_word' id='word_1_99' title='bbox 870 1179 1055 1238; x_wconf 89' lang='lat' dir='ltr'><strong>quidem</strong></span> <span class='ocrx_word' id='word_1_100' title='bbox 1088 1185 1296 1239; x_wconf 84' lang='lat' dir='ltr'><strong>tempore</strong></span> <span class='ocrx_word' id='word_1_101' title='bbox 1328 1179 1498 1224; x_wconf 86' lang='lat' dir='ltr'><strong>iuvenis</strong></span> <span class='ocrx_word' id='word_1_102' title='bbox 1524 1178 1610 1223; x_wconf 80' lang='lat' dir='ltr'><strong>ad-</strong></span> 
     </span>
    </p>
   </div>
   <div class='ocr_carea' id='block_1_14' title="bbox 210 1245 1611 1377">
    <p class='ocr_par' dir='ltr' id='par_1_14' title="bbox 210 1245 1611 1377">
     <span class='ocr_line' id='line_1_19' title="bbox 210 1245 1611 1308; baseline -0.001 -16"><span class='ocrx_word' id='word_1_103' title='bbox 210 1245 306 1292; x_wconf 88' lang='lat' dir='ltr'><strong>huc</strong></span> <span class='ocrx_word' id='word_1_104' title='bbox 336 1247 564 1308; x_wconf 77' lang='lat' dir='ltr'><strong>[ugurtha</strong></span> <span class='ocrx_word' id='word_1_105' title='bbox 600 1262 654 1292; x_wconf 90' lang='lat' dir='ltr'><strong>ac</strong></span> <span class='ocrx_word' id='word_1_106' title='bbox 688 1247 884 1305; x_wconf 83' lang='lat' dir='ltr'><strong>Marius,</strong></span> <span class='ocrx_word' id='word_1_107' title='bbox 919 1248 1002 1292; x_wconf 88' lang='lat' dir='ltr'><strong>sub</strong></span> <span class='ocrx_word' id='word_1_108' title='bbox 1039 1248 1204 1293; x_wconf 90' lang='lat' dir='ltr'><strong>eodem</strong></span> <span class='ocrx_word' id='word_1_109' title='bbox 1238 1249 1454 1294; x_wconf 83' lang='lat' dir='ltr'><strong>Africano</strong></span> <span class='ocrx_word' id='word_1_110' title='bbox 1489 1248 1611 1293; x_wconf 89' lang='lat' dir='ltr'><strong>mili-</strong></span> 
     </span>
     <span class='ocr_line' id='line_1_20' title="bbox 210 1316 1609 1377; baseline 0.001 -18"><span class='ocrx_word' id='word_1_111' title='bbox 210 1321 382 1374; x_wconf 68' lang='lat' dir='ltr'><strong>tanteS,</strong></span> <span class='ocrx_word' id='word_1_112' title='bbox 427 1317 474 1360; x_wconf 90' lang='lat' dir='ltr'><strong>in</strong></span> <span class='ocrx_word' id='word_1_113' title='bbox 512 1316 674 1360; x_wconf 85' lang='lat' dir='ltr'><strong>iisdem</strong></span> <span class='ocrx_word' id='word_1_114' title='bbox 716 1317 869 1363; x_wconf 84' lang='lat' dir='ltr'><strong>castris</strong></span> <span class='ocrx_word' id='word_1_115' title='bbox 910 1316 1137 1374; x_wconf 88' lang='lat' dir='ltr'><strong>didicere,</strong></span> <span class='ocrx_word' id='word_1_116' title='bbox 1193 1333 1312 1376; x_wconf 91' lang='lat' dir='ltr'><strong>quae</strong></span> <span class='ocrx_word' id='word_1_117' title='bbox 1357 1323 1518 1377; x_wconf 88' lang='lat' dir='ltr'><strong>postea</strong></span> <span class='ocrx_word' id='word_1_118' title='bbox 1563 1317 1609 1361; x_wconf 92' lang='lat' dir='ltr'><strong>in</strong></span> 
     </span>
    </p>
   </div>
   <div class='ocr_carea' id='block_1_15' title="bbox 170 1385 694 1435">
    <p class='ocr_par' dir='ltr' id='par_1_15' title="bbox 170 1385 694 1435">
     <span class='ocr_line' id='line_1_21' title="bbox 170 1385 694 1435; baseline -0.008 -3"><span class='ocrx_word' id='word_1_119' title='bbox 170 1393 201 1435; x_wconf 82' lang='grc'><strong>5</strong></span> <span class='ocrx_word' id='word_1_120' title='bbox 211 1385 447 1432; x_wconf 72' lang='lat' dir='ltr'><strong>contrariis</strong></span> <span class='ocrx_word' id='word_1_121' title='bbox 480 1385 694 1430; x_wconf 87' lang='lat' dir='ltr'><strong>facerent.</strong></span> 
     </span>
    </p>
   </div>
   <div class='ocr_carea' id='block_1_16' title="bbox 762 1385 1609 1433">
    <p class='ocr_par' dir='ltr' id='par_1_16' title="bbox 762 1385 1609 1433">
     <span class='ocr_line' id='line_1_22' title="bbox 762 1385 1609 1433; baseline 0 -3"><span class='ocrx_word' id='word_1_122' title='bbox 762 1385 1065 1430; x_wconf 88' lang='lat' dir='ltr'><strong>Historiarum</strong></span> <span class='ocrx_word' id='word_1_123' title='bbox 1099 1393 1259 1433; x_wconf 88' lang='lat' dir='ltr'><strong>auctor</strong></span> <span class='ocrx_word' id='word_1_124' title='bbox 1291 1388 1384 1431; x_wconf 88' lang='lat' dir='ltr'><strong>iam</strong></span> <span class='ocrx_word' id='word_1_125' title='bbox 1417 1393 1512 1431; x_wconf 84' lang='lat' dir='ltr'><strong>tum</strong></span> <span class='ocrx_word' id='word_1_126' title='bbox 1533 1386 1609 1431; x_wconf 84' lang='lat' dir='ltr'><strong>Si-</strong></span> 
     </span>
    </p>
   </div>
   <div class='ocr_carea' id='block_1_17' title="bbox 209 1453 1610 1516">
    <p class='ocr_par' dir='ltr' id='par_1_17' title="bbox 209 1453 1610 1516">
     <span class='ocr_line' id='line_1_23' title="bbox 209 1453 1610 1516; baseline -0.001 -16"><span class='ocrx_word' id='word_1_127' title='bbox 209 1469 353 1500; x_wconf 85' lang='lat' dir='ltr'><strong>senna</strong></span> <span class='ocrx_word' id='word_1_128' title='bbox 387 1459 483 1500; x_wconf 86' lang='lat' dir='ltr'><strong>erat</strong></span> <span class='ocrx_word' id='word_1_129' title='bbox 515 1454 708 1508; x_wconf 80' lang='lat' dir='ltr'><strong>iuvenis3</strong></span> <span class='ocrx_word' id='word_1_130' title='bbox 742 1453 825 1499; x_wconf 79' lang='lat' dir='ltr'><strong>sed</strong></span> <span class='ocrx_word' id='word_1_131' title='bbox 860 1470 975 1516; x_wconf 86' lang='lat' dir='ltr'><strong>opus</strong></span> <span class='ocrx_word' id='word_1_132' title='bbox 1008 1456 1119 1501; x_wconf 90' lang='lat' dir='ltr'><strong>belli</strong></span> <span class='ocrx_word' id='word_1_133' title='bbox 1153 1455 1307 1513; x_wconf 85' lang='lat' dir='ltr'><strong>civilis,</strong></span> <span class='ocrx_word' id='word_1_134' title='bbox 1342 1456 1610 1515; x_wconf 87' lang='lat' dir='ltr'><strong>Sullanique</strong></span> 
     </span>
    </p>
   </div>
   <div class='ocr_carea' id='block_1_18' title="bbox 204 1587 881 2845">
    <p class='ocr_par' dir='ltr' id='par_1_18' title="bbox 206 1587 881 1670">
     <span class='ocr_line' id='line_1_24' title="bbox 206 1587 881 1630; baseline -0.003 -6"><span class='ocrx_word' id='word_1_135' title='bbox 206 1587 402 1624; x_wconf 71' lang='lat' dir='ltr'><strong>tereum&#39;lus</strong></span> <span class='ocrx_word' id='word_1_136' title='bbox 448 1587 611 1623; x_wconf 74' lang='lat' dir='ltr'><strong>Metellus</strong></span> <span class='ocrx_word' id='word_1_137' title='bbox 659 1587 881 1630; x_wconf 79' lang='lat' dir='ltr'><strong>Numidicus,</strong></span> 
     </span>
     <span class='ocr_line' id='line_1_25' title="bbox 208 1636 433 1670; baseline -0.009 0"><span class='ocrx_word' id='word_1_138' title='bbox 208 1640 245 1670; x_wconf 87' lang='lat' dir='ltr'><strong>et</strong></span> <span class='ocrx_word' id='word_1_139' title='bbox 267 1636 433 1669; x_wconf 77' lang='lat' dir='ltr'><strong>Scaurus.</strong></span> 
     </span>
    </p>

    <p class='ocr_par' dir='ltr' id='par_1_19' title="bbox 209 1681 879 1763">
     <span class='ocr_line' id='line_1_26' title="bbox 259 1681 879 1725; baseline 0 -10"><span class='ocrx_word' id='word_1_140' title='bbox 259 1681 419 1715; x_wconf 71' lang='lat' dir='ltr'><strong>Crassus.</strong></span> <span class='ocrx_word' id='word_1_141' title='bbox 445 1681 605 1725; x_wconf 79' lang='lat' dir='ltr'><strong>Exempl.</strong></span> <span class='ocrx_word' id='word_1_142' title='bbox 626 1683 726 1716; x_wconf 77' lang='lat' dir='ltr'><strong>vetus</strong></span> <span class='ocrx_word' id='word_1_143' title='bbox 746 1681 879 1715; x_wconf 76' lang='lat' dir='ltr'><strong>habet·</strong></span> 
     </span>
     <span class='ocr_line' id='line_1_27' title="bbox 209 1727 610 1763; baseline -0.002 0"><span class='ocrx_word' id='word_1_144' title='bbox 209 1727 256 1763; x_wconf 79' lang='lat' dir='ltr'><strong>L.</strong></span> <span class='ocrx_word' id='word_1_145' title='bbox 280 1729 439 1763; x_wconf 77' lang='lat' dir='ltr'><strong>Crassus.</strong></span> <span class='ocrx_word' id='word_1_146' title='bbox 464 1729 610 1762; x_wconf 69' lang='lat' dir='ltr'><strong>Bonna.</strong></span> 
     </span>
    </p>

    <p class='ocr_par' dir='ltr' id='par_1_20' title="bbox 206 1774 881 2655">
     <span class='ocr_line' id='line_1_28' title="bbox 258 1774 881 1817; baseline 0.005 -10"><span class='ocrx_word' id='word_1_147' title='bbox 258 1776 292 1817; x_wconf 87' lang='lat'><strong>§.</strong></span> <span class='ocrx_word' id='word_1_148' title='bbox 326 1774 363 1808; x_wconf 85' lang='lat'><strong>2.</strong></span> <span class='ocrx_word' id='word_1_149' title='bbox 409 1774 506 1808; x_wconf 84' lang='lat' dir='ltr'><strong>Nam</strong></span> <span class='ocrx_word' id='word_1_150' title='bbox 547 1775 588 1817; x_wconf 79' lang='lat' dir='ltr'><strong>Q.</strong></span> <span class='ocrx_word' id='word_1_151' title='bbox 622 1775 770 1810; x_wconf 82' lang='lat' dir='ltr'><strong>Mucius.</strong></span> <span class='ocrx_word' id='word_1_152' title='bbox 819 1774 881 1810; x_wconf 88' lang='lat' dir='ltr'><strong>Sic</strong></span> 
     </span>
     <span class='ocr_line' id='line_1_29' title="bbox 209 1820 879 1867; baseline -0.001 -11"><span class='ocrx_word' id='word_1_153' title='bbox 209 1820 300 1856; x_wconf 83' lang='lat' dir='ltr'><strong>hene</strong></span> <span class='ocrx_word' id='word_1_154' title='bbox 318 1820 471 1854; x_wconf 82' lang='lat' dir='ltr'><strong>correxit</strong></span> <span class='ocrx_word' id='word_1_155' title='bbox 493 1821 571 1856; x_wconf 82' lang='lat' dir='ltr'><strong>Ald.</strong></span> <span class='ocrx_word' id='word_1_156' title='bbox 599 1822 687 1867; x_wconf 85' lang='lat' dir='ltr'><strong>Nep.</strong></span> <span class='ocrx_word' id='word_1_157' title='bbox 711 1821 805 1859; x_wconf 87' lang='lat' dir='ltr'><strong>Edit.</strong></span> <span class='ocrx_word' id='word_1_158' title='bbox 824 1833 879 1865; x_wconf 82' lang='lat' dir='ltr'><strong>pr.</strong></span> 
     </span>
     <span class='ocr_line' id='line_1_30' title="bbox 212 1867 880 1912; baseline 0 -10"><span class='ocrx_word' id='word_1_159' title='bbox 212 1867 381 1911; x_wconf 80' lang='lat' dir='ltr'><strong>Namque</strong></span> <span class='ocrx_word' id='word_1_160' title='bbox 403 1867 552 1902; x_wconf 82' lang='lat' dir='ltr'><strong>Mucius.</strong></span> <span class='ocrx_word' id='word_1_161' title='bbox 574 1872 614 1903; x_wconf 86' lang='grc' dir='ltr'><strong>ιιι</strong></span> <span class='ocrx_word' id='word_1_162' title='bbox 638 1880 715 1912; x_wconf 83' lang='lat' dir='ltr'><strong>cap.</strong></span> <span class='ocrx_word' id='word_1_163' title='bbox 732 1869 806 1904; x_wconf 76' lang='lat' dir='ltr'><strong>XL·</strong></span> <span class='ocrx_word' id='word_1_164' title='bbox 819 1879 880 1902; x_wconf 85' lang='lat' dir='ltr'><strong>eo-</strong></span> 
     </span>
     <span class='ocr_line' id='line_1_31' title="bbox 210 1913 878 1959; baseline 0.004 -12"><span class='ocrx_word' id='word_1_165' title='bbox 210 1913 292 1947; x_wconf 85' lang='lat' dir='ltr'><strong>dem</strong></span> <span class='ocrx_word' id='word_1_166' title='bbox 305 1924 437 1953; x_wconf 81' lang='lat' dir='ltr'><strong>errore,</strong></span> <span class='ocrx_word' id='word_1_167' title='bbox 454 1924 584 1958; x_wconf 80' lang='lat' dir='ltr'><strong>perque</strong></span> <span class='ocrx_word' id='word_1_168' title='bbox 601 1916 794 1956; x_wconf 82' lang='lat' dir='ltr'><strong>Metellum,</strong></span> <span class='ocrx_word' id='word_1_169' title='bbox 813 1925 878 1959; x_wconf 86' lang='lat' dir='ltr'><strong>pro</strong></span> 
     </span>
     <span class='ocr_line' id='line_1_32' title="bbox 206 1960 561 2006; baseline 0 -12"><span class='ocrx_word' id='word_1_170' title='bbox 206 1970 274 2006; x_wconf 82' lang='lat' dir='ltr'><strong>per</strong></span> <span class='ocrx_word' id='word_1_171' title='bbox 297 1960 339 2003; x_wconf 74' lang='lat' dir='ltr'><strong>Q.</strong></span> <span class='ocrx_word' id='word_1_172' title='bbox 352 2000 353 2003; x_wconf 11' lang='grc' dir='ltr'><strong>Ἴ</strong></span> <span class='ocrx_word' id='word_1_173' title='bbox 368 1960 561 1997; x_wconf 87' lang='lat' dir='ltr'><strong>Metellum.</strong></span> 
     </span>
     <span class='ocr_line' id='line_1_33' title="bbox 211 2008 879 2088; baseline -0.001 -1"><span class='ocrx_word' id='word_1_174' title='bbox 211 2008 879 2088; x_wconf 50' lang='lat' dir='ltr'><strong>...ttff&#39;sssffimsszq&#39;zzsssszssimffm</strong></span> 
     </span>
     <span class='ocr_line' id='line_1_34' title="bbox 211 2098 878 2144; baseline -0.003 -10"><span class='ocrx_word' id='word_1_175' title='bbox 211 2098 326 2144; x_wconf 81' lang='lat' dir='ltr'><strong>Lipsii</strong></span> <span class='ocrx_word' id='word_1_176' title='bbox 371 2099 659 2134; x_wconf 79' lang='lat' dir='ltr'><strong>emendationem.</strong></span> <span class='ocrx_word' id='word_1_177' title='bbox 694 2099 788 2133; x_wconf 88' lang='lat' dir='ltr'><strong>Edit.</strong></span> <span class='ocrx_word' id='word_1_178' title='bbox 822 2111 878 2143; x_wconf 83' lang='lat' dir='ltr'><strong>pr.</strong></span> 
     </span>
     <span class='ocr_line' id='line_1_35' title="bbox 212 2146 878 2192; baseline 0 -13"><span class='ocrx_word' id='word_1_179' title='bbox 212 2157 318 2192; x_wconf 77' lang='lat' dir='ltr'><strong>quam</strong></span> <span class='ocrx_word' id='word_1_180' title='bbox 339 2146 505 2190; x_wconf 81' lang='lat' dir='ltr'><strong>propriae</strong></span> <span class='ocrx_word' id='word_1_181' title='bbox 530 2147 744 2192; x_wconf 81' lang='lat' dir='ltr'><strong>eloquentiae</strong></span> <span class='ocrx_word' id='word_1_182' title='bbox 766 2146 878 2179; x_wconf 82' lang='lat' dir='ltr'><strong>uomi-</strong></span> 
     </span>
     <span class='ocr_line' id='line_1_36' title="bbox 211 2192 878 2238; baseline -0.003 -11"><span class='ocrx_word' id='word_1_183' title='bbox 211 2204 268 2227; x_wconf 76' lang='grc' dir='ltr'><strong>πε.</strong></span> <span class='ocrx_word' id='word_1_184' title='bbox 295 2193 436 2236; x_wconf 82' lang='lat' dir='ltr'><strong>Proprie</strong></span> <span class='ocrx_word' id='word_1_185' title='bbox 459 2196 510 2226; x_wconf 87' lang='lat' dir='ltr'><strong>est</strong></span> <span class='ocrx_word' id='word_1_186' title='bbox 526 2193 733 2238; x_wconf 81' lang='lat' dir='ltr'><strong>praecipue,</strong></span> <span class='ocrx_word' id='word_1_187' title='bbox 767 2192 878 2235; x_wconf 83' lang='lat' dir='ltr'><strong>inpri-</strong></span> 
     </span>
     <span class='ocr_line' id='line_1_37' title="bbox 210 2238 879 2283; baseline -0.004 -9"><span class='ocrx_word' id='word_1_188' title='bbox 210 2238 292 2274; x_wconf 85' lang='lat' dir='ltr'><strong>mis.</strong></span> <span class='ocrx_word' id='word_1_189' title='bbox 330 2239 410 2273; x_wconf 80' lang='lat' dir='ltr'><strong>Liv.</strong></span> <span class='ocrx_word' id='word_1_190' title='bbox 434 2239 555 2276; x_wconf 82' lang='lat' dir='ltr'>XLIV.</span> <span class='ocrx_word' id='word_1_191' title='bbox 578 2239 635 2275; x_wconf 79' lang='lat'><strong>22.</strong></span> <span class='ocrx_word' id='word_1_192' title='bbox 672 2251 697 2273; x_wconf 93' lang='lat' dir='ltr'><strong>a</strong></span> <span class='ocrx_word' id='word_1_193' title='bbox 724 2240 879 2283; x_wconf 82' lang='lat' dir='ltr'><strong>pruden-</strong></span> 
     </span>
     <span class='ocr_line' id='line_1_38' title="bbox 209 2286 879 2330; baseline -0.001 -11"><span class='ocrx_word' id='word_1_194' title='bbox 209 2286 306 2320; x_wconf 81' lang='lat' dir='ltr'><strong>tibus</strong></span> <span class='ocrx_word' id='word_1_195' title='bbox 323 2290 357 2320; x_wconf 87' lang='lat' dir='ltr'><strong>et</strong></span> <span class='ocrx_word' id='word_1_196' title='bbox 373 2287 514 2330; x_wconf 79' lang='lat' dir='ltr'><strong>proprie</strong></span> <span class='ocrx_word' id='word_1_197' title='bbox 533 2287 585 2321; x_wconf 79' lang='lat' dir='ltr'><strong>rei</strong></span> <span class='ocrx_word' id='word_1_198' title='bbox 602 2286 766 2321; x_wconf 80' lang='lat' dir='ltr'><strong>militaris</strong></span> <span class='ocrx_word' id='word_1_199' title='bbox 783 2286 879 2329; x_wconf 85' lang='lat' dir='ltr'><strong>peri-</strong></span> 
     </span>
     <span class='ocr_line' id='line_1_39' title="bbox 209 2333 878 2378; baseline -0.003 -11"><span class='ocrx_word' id='word_1_200' title='bbox 209 2333 259 2367; x_wconf 81' lang='lat' dir='ltr'><strong>tis</strong></span> <span class='ocrx_word' id='word_1_201' title='bbox 285 2333 448 2366; x_wconf 84' lang='lat' dir='ltr'><strong>monendi</strong></span> <span class='ocrx_word' id='word_1_202' title='bbox 484 2333 727 2378; x_wconf 78' lang='lat' dir='ltr'><strong>Imperatores.</strong></span> <span class='ocrx_word' id='word_1_203' title='bbox 760 2333 878 2366; x_wconf 77' lang='lat' dir='ltr'><strong>Valer-</strong></span> 
     </span>
     <span class='ocr_line' id='line_1_40' title="bbox 211 2378 878 2423; baseline -0.001 -11"><span class='ocrx_word' id='word_1_204' title='bbox 211 2378 309 2417; x_wconf 83' lang='lat' dir='ltr'><strong>Max.</strong></span> <span class='ocrx_word' id='word_1_205' title='bbox 338 2379 426 2414; x_wconf 84' lang='lat' dir='ltr'><strong>vm.</strong></span> <span class='ocrx_word' id='word_1_206' title='bbox 459 2378 494 2414; x_wconf 87' lang='lat'><strong>9.</strong></span> <span class='ocrx_word' id='word_1_207' title='bbox 524 2379 559 2415; x_wconf 83' lang='lat'><strong>3.</strong></span> <span class='ocrx_word' id='word_1_208' title='bbox 591 2381 663 2414; x_wconf 85' lang='lat' dir='ltr'><strong>vim</strong></span> <span class='ocrx_word' id='word_1_209' title='bbox 681 2379 878 2423; x_wconf 82' lang='lat' dir='ltr'><strong>facundiae</strong></span> 
     </span>
     <span class='ocr_line' id='line_1_41' title="bbox 208 2425 878 2470; baseline 0 -12"><span class='ocrx_word' id='word_1_210' title='bbox 208 2426 350 2470; x_wconf 87' lang='lat' dir='ltr'><strong>proprie</strong></span> <span class='ocrx_word' id='word_1_211' title='bbox 378 2426 555 2469; x_wconf 70' lang='lat' dir='ltr'><strong>expressit.</strong></span> <span class='ocrx_word' id='word_1_212' title='bbox 583 2427 646 2460; x_wconf 85' lang='lat' dir='ltr'><strong>ubi</strong></span> <span class='ocrx_word' id='word_1_213' title='bbox 670 2426 750 2460; x_wconf 82' lang='lat' dir='ltr'><strong>vide</strong></span> <span class='ocrx_word' id='word_1_214' title='bbox 777 2425 878 2459; x_wconf 86' lang='lat' dir='ltr'><strong>Peri-</strong></span> 
     </span>
     <span class='ocr_line' id='line_1_42' title="bbox 209 2471 876 2517; baseline 0 -11"><span class='ocrx_word' id='word_1_215' title='bbox 209 2472 363 2509; x_wconf 68' lang='lat' dir='ltr'><strong>nonium.</strong></span> <span class='ocrx_word' id='word_1_216' title='bbox 388 2471 556 2516; x_wconf 83' lang='lat' dir='ltr'><strong>Quinctil.</strong></span> <span class='ocrx_word' id='word_1_217' title='bbox 580 2473 624 2509; x_wconf 84' lang='lat' dir='ltr'><strong>X.</strong></span> <span class='ocrx_word' id='word_1_218' title='bbox 639 2473 673 2507; x_wconf 85' lang='lat'><strong>1.</strong></span> <span class='ocrx_word' id='word_1_219' title='bbox 697 2483 779 2517; x_wconf 85' lang='lat' dir='ltr'><strong>pag.</strong></span> <span class='ocrx_word' id='word_1_220' title='bbox 792 2471 876 2506; x_wconf 81' lang='lat'><strong>508.</strong></span> 
     </span>
     <span class='ocr_line' id='line_1_43' title="bbox 209 2519 877 2564; baseline 0 -13"><span class='ocrx_word' id='word_1_221' title='bbox 209 2519 302 2552; x_wconf 76' lang='lat' dir='ltr'><strong>mira</strong></span> <span class='ocrx_word' id='word_1_222' title='bbox 329 2519 515 2561; x_wconf 75' lang='lat' dir='ltr'><strong>sermonis,</strong></span> <span class='ocrx_word' id='word_1_223' title='bbox 539 2520 634 2554; x_wconf 83' lang='lat' dir='ltr'><strong>cuius</strong></span> <span class='ocrx_word' id='word_1_224' title='bbox 647 2520 786 2564; x_wconf 86' lang='lat' dir='ltr'><strong>proprie</strong></span> <span class='ocrx_word' id='word_1_225' title='bbox 802 2523 877 2552; x_wconf 84' lang='lat' dir='ltr'><strong>stu-</strong></span> 
     </span>
     <span class='ocr_line' id='line_1_44' title="bbox 207 2564 877 2613; baseline 0 -15"><span class='ocrx_word' id='word_1_226' title='bbox 207 2564 325 2599; x_wconf 82' lang='lat' dir='ltr'><strong>diosus</strong></span> <span class='ocrx_word' id='word_1_227' title='bbox 347 2566 442 2609; x_wconf 86' lang='lat' dir='ltr'><strong>fuit,</strong></span> <span class='ocrx_word' id='word_1_228' title='bbox 475 2567 668 2613; x_wconf 79' lang='lat' dir='ltr'><strong>elegantia.</strong></span> <span class='ocrx_word' id='word_1_229' title='bbox 699 2565 799 2599; x_wconf 84' lang='lat' dir='ltr'><strong>Adde</strong></span> <span class='ocrx_word' id='word_1_230' title='bbox 819 2565 877 2599; x_wconf 90' lang='lat' dir='ltr'><strong>In-</strong></span> 
     </span>
     <span class='ocr_line' id='line_1_45' title="bbox 207 2612 496 2655; baseline 0.004 -9"><span class='ocrx_word' id='word_1_231' title='bbox 207 2613 318 2655; x_wconf 72' lang='lat' dir='ltr'><strong>terpp.</strong></span> <span class='ocrx_word' id='word_1_232' title='bbox 346 2612 391 2646; x_wconf 82' lang='lat' dir='ltr'><strong>ad</strong></span> <span class='ocrx_word' id='word_1_233' title='bbox 412 2612 496 2647; x_wconf 87' lang='lat' dir='ltr'><strong>h.1.</strong></span> 
     </span>
    </p>

    <p class='ocr_par' dir='ltr' id='par_1_21' title="bbox 204 2657 874 2845">
     <span class='ocr_line' id='line_1_46' title="bbox 254 2657 874 2704; baseline -0.002 -12"><span class='ocrx_word' id='word_1_234' title='bbox 254 2658 288 2700; x_wconf 69' lang='grc' dir='ltr'><strong>ἓ.</strong></span> <span class='ocrx_word' id='word_1_235' title='bbox 321 2657 356 2692; x_wconf 84' lang='grc'><strong>3.</strong></span> <span class='ocrx_word' id='word_1_236' title='bbox 398 2658 436 2692; x_wconf 81' lang='lat' dir='ltr'><strong>in</strong></span> <span class='ocrx_word' id='word_1_237' title='bbox 472 2661 683 2694; x_wconf 85' lang='lat' dir='ltr'><strong>Graecorum</strong></span> <span class='ocrx_word' id='word_1_238' title='bbox 711 2657 874 2704; x_wconf 81' lang='lat' dir='ltr'><strong>ingenio-</strong></span> 
     </span>
     <span class='ocr_line' id='line_1_47' title="bbox 205 2705 872 2749; baseline 0 -12"><span class='ocrx_word' id='word_1_239' title='bbox 205 2714 284 2738; x_wconf 86' lang='lat' dir='ltr'><strong>rum</strong></span> <span class='ocrx_word' id='word_1_240' title='bbox 310 2708 603 2749; x_wconf 82' lang='lat' dir='ltr'><strong>comparationem</strong></span> <span class='ocrx_word' id='word_1_241' title='bbox 630 2706 703 2740; x_wconf 82' lang='lat' dir='ltr'><strong>eius</strong></span> <span class='ocrx_word' id='word_1_242' title='bbox 732 2705 872 2738; x_wconf 81' lang='lat' dir='ltr'><strong>aetatis.</strong></span> 
     </span>
     <span class='ocr_line' id='line_1_48' title="bbox 204 2750 871 2794; baseline 0 -10"><span class='ocrx_word' id='word_1_243' title='bbox 204 2750 365 2794; x_wconf 85' lang='lat' dir='ltr'><strong>Exempl.</strong></span> <span class='ocrx_word' id='word_1_244' title='bbox 392 2757 462 2787; x_wconf 86' lang='lat' dir='ltr'><strong>vet.</strong></span> <span class='ocrx_word' id='word_1_245' title='bbox 488 2754 617 2788; x_wconf 71' lang='lat' dir='ltr'><strong>habetz</strong></span> <span class='ocrx_word' id='word_1_246' title='bbox 650 2753 689 2786; x_wconf 81' lang='lat' dir='ltr'><strong>in</strong></span> <span class='ocrx_word' id='word_1_247' title='bbox 720 2752 871 2790; x_wconf 84' lang='lat' dir='ltr'><strong>Graeco-</strong></span> 
     </span>
     <span class='ocr_line' id='line_1_49' title="bbox 204 2797 872 2845; baseline 0.001 -13"><span class='ocrx_word' id='word_1_248' title='bbox 204 2807 284 2832; x_wconf 82' lang='lat' dir='ltr'><strong>rum</strong></span> <span class='ocrx_word' id='word_1_249' title='bbox 317 2797 538 2844; x_wconf 77' lang='lat' dir='ltr'><strong>ingeniorum</strong></span> <span class='ocrx_word' id='word_1_250' title='bbox 577 2798 872 2845; x_wconf 81' lang='lat' dir='ltr'><strong>comparationem</strong></span> 
     </span>
    </p>
   </div>
   <div class='ocr_carea' id='block_1_19' title="bbox 938 1587 1611 2841">
    <p class='ocr_par' dir='ltr' id='par_1_22' title="bbox 943 1587 1611 1959">
     <span class='ocr_line' id='line_1_50' title="bbox 946 1587 1611 1631; baseline 0 -9"><span class='ocrx_word' id='word_1_251' title='bbox 946 1588 1083 1624; x_wconf 75' lang='lat' dir='ltr'><strong>evectis.</strong></span> <span class='ocrx_word' id='word_1_252' title='bbox 1106 1588 1250 1624; x_wconf 75' lang='grc' dir='ltr'>Βυιιιιιι.</span> <span class='ocrx_word' id='word_1_253' title='bbox 1272 1587 1408 1624; x_wconf 82' lang='lat' dir='ltr'><strong>Mirum</strong></span> <span class='ocrx_word' id='word_1_254' title='bbox 1423 1590 1487 1631; x_wconf 84' lang='lat' dir='ltr'><strong>est,</strong></span> <span class='ocrx_word' id='word_1_255' title='bbox 1510 1588 1611 1623; x_wconf 83' lang='lat' dir='ltr'><strong>Rhe-</strong></span> 
     </span>
     <span class='ocr_line' id='line_1_51' title="bbox 946 1634 1609 1679; baseline -0.002 -9"><span class='ocrx_word' id='word_1_256' title='bbox 946 1645 1078 1670; x_wconf 87' lang='lat' dir='ltr'><strong>nanum</strong></span> <span class='ocrx_word' id='word_1_257' title='bbox 1099 1646 1164 1679; x_wconf 90' lang='lat' dir='ltr'><strong>pro</strong></span> <span class='ocrx_word' id='word_1_258' title='bbox 1190 1636 1316 1670; x_wconf 76' lang='lat' dir='ltr'><strong>evectis</strong></span> <span class='ocrx_word' id='word_1_259' title='bbox 1336 1635 1373 1670; x_wconf 88' lang='lat' dir='ltr'><strong>in</strong></span> <span class='ocrx_word' id='word_1_260' title='bbox 1393 1634 1502 1670; x_wconf 77' lang='lat' dir='ltr'><strong>veteri</strong></span> <span class='ocrx_word' id='word_1_261' title='bbox 1522 1634 1609 1669; x_wconf 78' lang='lat' dir='ltr'><strong>eod.</strong></span> 
     </span>
     <span class='ocr_line' id='line_1_52' title="bbox 945 1681 1611 1726; baseline 0 -12"><span class='ocrx_word' id='word_1_262' title='bbox 945 1681 1077 1726; x_wconf 86' lang='lat' dir='ltr'><strong>legisse</strong></span> <span class='ocrx_word' id='word_1_263' title='bbox 1094 1683 1167 1716; x_wconf 83' lang='lat' dir='ltr'><strong>eius</strong></span> <span class='ocrx_word' id='word_1_264' title='bbox 1185 1683 1326 1716; x_wconf 80' lang='lat' dir='ltr'><strong>aetatis.</strong></span> <span class='ocrx_word' id='word_1_265' title='bbox 1348 1682 1418 1716; x_wconf 86' lang='lat' dir='ltr'><strong>Sed</strong></span> <span class='ocrx_word' id='word_1_266' title='bbox 1437 1681 1611 1716; x_wconf 84' lang='lat' dir='ltr'><strong>credimus</strong></span> 
     </span>
     <span class='ocr_line' id='line_1_53' title="bbox 945 1723 1609 1772; baseline -0.002 -10"><span class='ocrx_word' id='word_1_267' title='bbox 945 1727 1118 1771; x_wconf 88' lang='lat' dir='ltr'><strong>Burerio‚</strong></span> <span class='ocrx_word' id='word_1_268' title='bbox 1151 1728 1316 1772; x_wconf 86' lang='lat' dir='ltr'><strong>autiquae</strong></span> <span class='ocrx_word' id='word_1_269' title='bbox 1342 1728 1424 1762; x_wconf 81' lang='lat' dir='ltr'><strong>fidei</strong></span> <span class='ocrx_word' id='word_1_270' title='bbox 1458 1723 1609 1768; x_wconf 85' lang='lat' dir='ltr'><strong>homini,</strong></span> 
     </span>
     <span class='ocr_line' id='line_1_54' title="bbox 947 1773 1608 1810; baseline -0.002 -2"><span class='ocrx_word' id='word_1_271' title='bbox 947 1775 1073 1809; x_wconf 81' lang='lat' dir='ltr'><strong>evectis</strong></span> <span class='ocrx_word' id='word_1_272' title='bbox 1094 1785 1169 1808; x_wconf 84' lang='lat' dir='ltr'><strong>esse</strong></span> <span class='ocrx_word' id='word_1_273' title='bbox 1191 1775 1227 1808; x_wconf 90' lang='lat' dir='ltr'><strong>in</strong></span> <span class='ocrx_word' id='word_1_274' title='bbox 1249 1775 1403 1810; x_wconf 78' lang='lat' dir='ltr'><strong>MS.1⁴:x</strong></span> <span class='ocrx_word' id='word_1_275' title='bbox 1429 1785 1472 1808; x_wconf 86' lang='lat' dir='ltr'><strong>eo</strong></span> <span class='ocrx_word' id='word_1_276' title='bbox 1497 1773 1608 1809; x_wconf 77' lang='lat' dir='ltr'><strong>Basil-</strong></span> 
     </span>
     <span class='ocr_line' id='line_1_55' title="bbox 944 1821 1609 1864; baseline -0.002 -9"><span class='ocrx_word' id='word_1_277' title='bbox 944 1821 1070 1855; x_wconf 85' lang='lat' dir='ltr'><strong>Editor</strong></span> <span class='ocrx_word' id='word_1_278' title='bbox 1094 1821 1182 1855; x_wconf 86' lang='lat' dir='ltr'><strong>fecit</strong></span> <span class='ocrx_word' id='word_1_279' title='bbox 1210 1823 1338 1864; x_wconf 84' lang='lat' dir='ltr'><strong>evecti,</strong></span> <span class='ocrx_word' id='word_1_280' title='bbox 1368 1825 1408 1855; x_wconf 90' lang='lat' dir='ltr'><strong>ut</strong></span> <span class='ocrx_word' id='word_1_281' title='bbox 1432 1821 1477 1855; x_wconf 80' lang='lat' dir='ltr'><strong>ad</strong></span> <span class='ocrx_word' id='word_1_282' title='bbox 1499 1830 1609 1854; x_wconf 87' lang='lat' dir='ltr'><strong>unum</strong></span> 
     </span>
     <span class='ocr_line' id='line_1_56' title="bbox 943 1866 1610 1908; baseline 0 -8"><span class='ocrx_word' id='word_1_283' title='bbox 943 1867 1092 1901; x_wconf 82' lang='lat' dir='ltr'><strong>Accium</strong></span> <span class='ocrx_word' id='word_1_284' title='bbox 1120 1868 1314 1908; x_wconf 68' lang='lat' dir='ltr'><strong>referatur-3</strong></span> <span class='ocrx_word' id='word_1_285' title='bbox 1344 1867 1473 1901; x_wconf 83' lang='lat' dir='ltr'><strong>rectius</strong></span> <span class='ocrx_word' id='word_1_286' title='bbox 1497 1866 1610 1903; x_wconf 78' lang='lat' dir='ltr'><strong>Hein-</strong></span> 
     </span>
     <span class='ocr_line' id='line_1_57' title="bbox 943 1913 1490 1959; baseline 0 -11"><span class='ocrx_word' id='word_1_287' title='bbox 943 1913 1028 1955; x_wconf 81' lang='lat' dir='ltr'><strong>sius,</strong></span> <span class='ocrx_word' id='word_1_288' title='bbox 1047 1918 1186 1956; x_wconf 80' lang='lat' dir='ltr'><strong>evecta,</strong></span> <span class='ocrx_word' id='word_1_289' title='bbox 1209 1918 1250 1947; x_wconf 88' lang='lat' dir='ltr'><strong>ut</strong></span> <span class='ocrx_word' id='word_1_290' title='bbox 1267 1914 1313 1948; x_wconf 81' lang='lat' dir='ltr'><strong>ad</strong></span> <span class='ocrx_word' id='word_1_291' title='bbox 1333 1914 1490 1959; x_wconf 75' lang='lat' dir='ltr'><strong>ingenia.</strong></span> 
     </span>
    </p>

    <p class='ocr_par' dir='ltr' id='par_1_23' title="bbox 943 1959 1609 2226">
     <span class='ocr_line' id='line_1_58' title="bbox 985 1959 1607 2004; baseline 0 -12"><span class='ocrx_word' id='word_1_292' title='bbox 985 1960 1152 2004; x_wconf 78' lang='lat' dir='ltr'><strong>facientis</strong></span> <span class='ocrx_word' id='word_1_293' title='bbox 1171 1961 1266 2004; x_wconf 79' lang='lat' dir='ltr'><strong>operi</strong></span> <span class='ocrx_word' id='word_1_294' title='bbox 1283 1971 1342 1993; x_wconf 87' lang='lat' dir='ltr'><strong>suo</strong></span> <span class='ocrx_word' id='word_1_295' title='bbox 1353 1961 1473 1994; x_wconf 88' lang='lat' dir='ltr'><strong>locum</strong></span> <span class='ocrx_word' id='word_1_296' title='bbox 1483 1959 1607 1994; x_wconf 84' lang='lat' dir='ltr'><strong>Heius.</strong></span> 
     </span>
     <span class='ocr_line' id='line_1_59' title="bbox 944 2006 1609 2050; baseline 0.002 -11"><span class='ocrx_word' id='word_1_297' title='bbox 944 2007 1126 2050; x_wconf 81' lang='lat' dir='ltr'><strong>praeclare</strong></span> <span class='ocrx_word' id='word_1_298' title='bbox 1140 2006 1240 2048; x_wconf 78' lang='lat' dir='ltr'><strong>vidit,</strong></span> <span class='ocrx_word' id='word_1_299' title='bbox 1265 2007 1372 2040; x_wconf 77' lang='lat' dir='ltr'><strong>me&#39;i</strong></span> <span class='ocrx_word' id='word_1_300' title='bbox 1389 2017 1516 2040; x_wconf 81' lang='lat' dir='ltr'><strong>nomen</strong></span> <span class='ocrx_word' id='word_1_301' title='bbox 1530 2008 1609 2050; x_wconf 83' lang='lat' dir='ltr'><strong>post</strong></span> 
     </span>
     <span class='ocr_line' id='line_1_60' title="bbox 945 2052 1609 2099; baseline 0.002 -14"><span class='ocrx_word' id='word_1_302' title='bbox 945 2052 1057 2086; x_wconf 86' lang='lat' dir='ltr'><strong>locum</strong></span> <span class='ocrx_word' id='word_1_303' title='bbox 1079 2052 1258 2087; x_wconf 77' lang='lat' dir='ltr'><strong>excidisse.</strong></span> <span class='ocrx_word' id='word_1_304' title='bbox 1282 2053 1363 2097; x_wconf 81' lang='lat' dir='ltr'><strong>Quo</strong></span> <span class='ocrx_word' id='word_1_305' title='bbox 1374 2052 1515 2099; x_wconf 81' lang='lat' dir='ltr'><strong>invento</strong></span> <span class='ocrx_word' id='word_1_306' title='bbox 1525 2063 1609 2086; x_wconf 86' lang='lat' dir='ltr'><strong>cum</strong></span> 
     </span>
     <span class='ocr_line' id='line_1_61' title="bbox 944 2098 1608 2144; baseline 0 -12"><span class='ocrx_word' id='word_1_307' title='bbox 944 2098 1037 2133; x_wconf 88' lang='lat' dir='ltr'><strong>nihil</strong></span> <span class='ocrx_word' id='word_1_308' title='bbox 1062 2098 1180 2133; x_wconf 85' lang='lat' dir='ltr'><strong>verius</strong></span> <span class='ocrx_word' id='word_1_309' title='bbox 1211 2098 1277 2143; x_wconf 83' lang='lat' dir='ltr'><strong>sit,</strong></span> <span class='ocrx_word' id='word_1_310' title='bbox 1317 2110 1445 2133; x_wconf 85' lang='lat' dir='ltr'><strong>nomen</strong></span> <span class='ocrx_word' id='word_1_311' title='bbox 1471 2101 1608 2144; x_wconf 81' lang='lat' dir='ltr'><strong>poetae,</strong></span> 
     </span>
     <span class='ocr_line' id='line_1_62' title="bbox 943 2144 1609 2191; baseline 0.003 -13"><span class='ocrx_word' id='word_1_312' title='bbox 943 2145 1045 2179; x_wconf 84' lang='lat' dir='ltr'><strong>uncis</strong></span> <span class='ocrx_word' id='word_1_313' title='bbox 1071 2145 1265 2191; x_wconf 86' lang='lat' dir='ltr'><strong>inclusum,</strong></span> <span class='ocrx_word' id='word_1_314' title='bbox 1289 2144 1328 2180; x_wconf 86' lang='lat' dir='ltr'><strong>in</strong></span> <span class='ocrx_word' id='word_1_315' title='bbox 1344 2145 1534 2190; x_wconf 78' lang='lat' dir='ltr'><strong>pristinam</strong></span> <span class='ocrx_word' id='word_1_316' title='bbox 1551 2156 1609 2180; x_wconf 78' lang='lat' dir='ltr'><strong>so-</strong></span> 
     </span>
     <span class='ocr_line' id='line_1_63' title="bbox 944 2191 1224 2226; baseline 0.004 -1"><span class='ocrx_word' id='word_1_317' title='bbox 944 2191 1025 2226; x_wconf 78' lang='lat' dir='ltr'><strong>dem</strong></span> <span class='ocrx_word' id='word_1_318' title='bbox 1046 2191 1224 2226; x_wconf 85' lang='lat' dir='ltr'><strong>revocavi.</strong></span> 
     </span>
    </p>

    <p class='ocr_par' dir='ltr' id='par_1_24' title="bbox 943 2211 1607 2329">
     <span class='ocr_line' id='line_1_64' title="bbox 991 2211 1607 2280; baseline -0.002 -7"><span class='ocrx_word' id='word_1_319' title='bbox 991 2239 1022 2280; x_wconf 82' lang='lat'><strong>§.</strong></span> <span class='ocrx_word' id='word_1_320' title='bbox 1028 2238 1069 2273; x_wconf 97' lang='lat'><strong>4.</strong></span> <span class='ocrx_word' id='word_1_321' title='bbox 1092 2239 1236 2272; x_wconf 78' lang='lat' dir='ltr'><strong>iuvenis.</strong></span> <span class='ocrx_word' id='word_1_322' title='bbox 1259 2237 1409 2273; x_wconf 86' lang='lat' dir='ltr'><strong>Potius</strong></span> <span class='ocrx_word' id='word_1_323' title='bbox 1393 2248 1547 2280; x_wconf 67' lang='lat' dir='ltr'><strong>caumes,</strong></span> <span class='ocrx_word' id='word_1_324' title='bbox 1566 2211 1607 2272; x_wconf 84' lang='grc' dir='ltr'><strong>ιιι</strong></span> 
     </span>
     <span class='ocr_line' id='line_1_65' title="bbox 943 2284 1293 2329; baseline -0.006 -9"><span class='ocrx_word' id='word_1_325' title='bbox 943 2284 1147 2320; x_wconf 77' lang='lat' dir='ltr'><strong>Burmanno</strong></span> <span class='ocrx_word' id='word_1_326' title='bbox 1168 2286 1293 2329; x_wconf 79' lang='lat' dir='ltr'><strong>placet.</strong></span> 
     </span>
    </p>

    <p class='ocr_par' dir='ltr' id='par_1_25' title="bbox 938 2330 1607 2841">
     <span class='ocr_line' id='line_1_66' title="bbox 991 2330 1607 2376; baseline -0.003 -11"><span class='ocrx_word' id='word_1_327' title='bbox 991 2333 1025 2373; x_wconf 74' lang='lat'><strong>§-</strong></span> <span class='ocrx_word' id='word_1_328' title='bbox 1041 2331 1074 2366; x_wconf 91' lang='lat'><strong>5.</strong></span> <span class='ocrx_word' id='word_1_329' title='bbox 1102 2343 1186 2376; x_wconf 87' lang='lat' dir='ltr'><strong>opus</strong></span> <span class='ocrx_word' id='word_1_330' title='bbox 1203 2331 1284 2365; x_wconf 81' lang='lat' dir='ltr'><strong>belli</strong></span> <span class='ocrx_word' id='word_1_331' title='bbox 1301 2330 1430 2372; x_wconf 77' lang='lat' dir='ltr'><strong>civilis,</strong></span> <span class='ocrx_word' id='word_1_332' title='bbox 1450 2330 1607 2364; x_wconf 82' lang='lat' dir='ltr'><strong>Sullani—</strong></span> 
     </span>
     <span class='ocr_line' id='line_1_67' title="bbox 943 2355 1605 2423; baseline -0.003 -11"><span class='ocrx_word' id='word_1_333' title='bbox 943 2389 1020 2423; x_wconf 81' lang='lat' dir='ltr'><strong>que.</strong></span> <span class='ocrx_word' id='word_1_334' title='bbox 1067 2378 1168 2412; x_wconf 83' lang='lat' dir='ltr'><strong>Haec</strong></span> <span class='ocrx_word' id='word_1_335' title='bbox 1205 2381 1259 2411; x_wconf 84' lang='lat' dir='ltr'><strong>est</strong></span> <span class='ocrx_word' id='word_1_336' title='bbox 1298 2355 1471 2420; x_wconf 72' lang='lat' dir='ltr'><strong>scriptrira</strong></span> <span class='ocrx_word' id='word_1_337' title='bbox 1508 2376 1605 2412; x_wconf 74' lang='lat' dir='ltr'><strong>Edit.</strong></span> 
     </span>
     <span class='ocr_line' id='line_1_68' title="bbox 943 2422 1606 2468; baseline -0.002 -11"><span class='ocrx_word' id='word_1_338' title='bbox 943 2435 1019 2468; x_wconf 86' lang='lat' dir='ltr'><strong>pr.‚</strong></span> <span class='ocrx_word' id='word_1_339' title='bbox 1043 2435 1084 2458; x_wconf 87' lang='lat' dir='ltr'><strong>cx</strong></span> <span class='ocrx_word' id='word_1_340' title='bbox 1107 2435 1177 2468; x_wconf 85' lang='lat' dir='ltr'><strong>qua</strong></span> <span class='ocrx_word' id='word_1_341' title='bbox 1203 2423 1296 2458; x_wconf 86' lang='lat' dir='ltr'><strong>Edit.</strong></span> <span class='ocrx_word' id='word_1_342' title='bbox 1322 2422 1432 2459; x_wconf 82' lang='lat' dir='ltr'><strong>Basil.</strong></span> <span class='ocrx_word' id='word_1_343' title='bbox 1459 2423 1606 2457; x_wconf 89' lang='lat' dir='ltr'><strong>coniun—</strong></span> 
     </span>
     <span class='ocr_line' id='line_1_69' title="bbox 943 2469 1605 2515; baseline -0.002 -11"><span class='ocrx_word' id='word_1_344' title='bbox 943 2470 1092 2504; x_wconf 85' lang='lat' dir='ltr'><strong>ctionem</strong></span> <span class='ocrx_word' id='word_1_345' title='bbox 1118 2482 1183 2515; x_wconf 83' lang='lat' dir='ltr'><strong>que</strong></span> <span class='ocrx_word' id='word_1_346' title='bbox 1213 2469 1373 2511; x_wconf 87' lang='lat' dir='ltr'><strong>sustulit,</strong></span> <span class='ocrx_word' id='word_1_347' title='bbox 1412 2474 1452 2503; x_wconf 80' lang='lat' dir='ltr'><strong>ut</strong></span> <span class='ocrx_word' id='word_1_348' title='bbox 1478 2469 1605 2503; x_wconf 79' lang='lat' dir='ltr'><strong>bellum</strong></span> 
     </span>
     <span class='ocr_line' id='line_1_70' title="bbox 943 2515 1605 2558; baseline 0 -8"><span class='ocrx_word' id='word_1_349' title='bbox 943 2517 1044 2551; x_wconf 78' lang='lat' dir='ltr'><strong>civile</strong></span> <span class='ocrx_word' id='word_1_350' title='bbox 1070 2518 1252 2550; x_wconf 83' lang='lat' dir='ltr'><strong>Sullanum</strong></span> <span class='ocrx_word' id='word_1_351' title='bbox 1270 2527 1313 2550; x_wconf 83' lang='lat' dir='ltr'><strong>eo</strong></span> <span class='ocrx_word' id='word_1_352' title='bbox 1331 2515 1436 2550; x_wconf 89' lang='lat' dir='ltr'><strong>modo</strong></span> <span class='ocrx_word' id='word_1_353' title='bbox 1454 2516 1605 2558; x_wconf 81' lang='lat' dir='ltr'><strong>dicatur,</strong></span> 
     </span>
     <span class='ocr_line' id='line_1_71' title="bbox 943 2560 1606 2607; baseline -0.005 -9"><span class='ocrx_word' id='word_1_354' title='bbox 943 2574 1012 2607; x_wconf 87' lang='lat' dir='ltr'><strong>quo</strong></span> <span class='ocrx_word' id='word_1_355' title='bbox 1032 2563 1125 2606; x_wconf 78' lang='lat' dir='ltr'><strong>apud</strong></span> <span class='ocrx_word' id='word_1_356' title='bbox 1152 2563 1297 2597; x_wconf 88' lang='lat' dir='ltr'><strong>Sueton.</strong></span> <span class='ocrx_word' id='word_1_357' title='bbox 1323 2563 1423 2597; x_wconf 86' lang='lat' dir='ltr'><strong>Caes.</strong></span> <span class='ocrx_word' id='word_1_358' title='bbox 1447 2560 1505 2596; x_wconf 93' lang='grc'><strong>56.</strong></span> <span class='ocrx_word' id='word_1_359' title='bbox 1532 2562 1606 2596; x_wconf 77' lang='lat' dir='ltr'><strong>bel—</strong></span> 
     </span>
     <span class='ocr_line' id='line_1_72' title="bbox 940 2608 1606 2654; baseline -0.003 -10"><span class='ocrx_word' id='word_1_360' title='bbox 940 2610 1012 2644; x_wconf 84' lang='lat' dir='ltr'><strong>lum</strong></span> <span class='ocrx_word' id='word_1_361' title='bbox 1033 2611 1133 2643; x_wconf 80' lang='lat' dir='ltr'><strong>civile</strong></span> <span class='ocrx_word' id='word_1_362' title='bbox 1162 2609 1424 2654; x_wconf 84' lang='lat' dir='ltr'><strong>Pompeianum.</strong></span> <span class='ocrx_word' id='word_1_363' title='bbox 1457 2608 1524 2642; x_wconf 88' lang='lat' dir='ltr'><strong>Cui</strong></span> <span class='ocrx_word' id='word_1_364' title='bbox 1553 2612 1606 2643; x_wconf 80' lang='lat' dir='ltr'><strong>te·-</strong></span> 
     </span>
     <span class='ocr_line' id='line_1_73' title="bbox 939 2655 1604 2699; baseline -0.003 -9"><span class='ocrx_word' id='word_1_365' title='bbox 939 2667 1036 2690; x_wconf 85' lang='lat' dir='ltr'><strong>mere</strong></span> <span class='ocrx_word' id='word_1_366' title='bbox 1059 2657 1344 2699; x_wconf 82' lang='lat' dir='ltr'><strong>obtemperarunt</strong></span> <span class='ocrx_word' id='word_1_367' title='bbox 1366 2655 1494 2699; x_wconf 86' lang='lat' dir='ltr'><strong>reliqui</strong></span> <span class='ocrx_word' id='word_1_368' title='bbox 1518 2655 1604 2689; x_wconf 83' lang='lat' dir='ltr'><strong>Edi-</strong></span> 
     </span>
     <span class='ocr_line' id='line_1_74' title="bbox 939 2702 1602 2747; baseline -0.002 -11"><span class='ocrx_word' id='word_1_369' title='bbox 939 2706 1050 2744; x_wconf 87' lang='lat' dir='ltr'><strong>tores,</strong></span> <span class='ocrx_word' id='word_1_370' title='bbox 1073 2713 1144 2736; x_wconf 90' lang='lat' dir='ltr'><strong>uno</strong></span> <span class='ocrx_word' id='word_1_371' title='bbox 1174 2702 1420 2747; x_wconf 81' lang='lat' dir='ltr'><strong>Raphelengio</strong></span> <span class='ocrx_word' id='word_1_372' title='bbox 1445 2704 1602 2745; x_wconf 82' lang='lat' dir='ltr'><strong>excepto,</strong></span> 
     </span>
     <span class='ocr_line' id='line_1_75' title="bbox 938 2747 1604 2794; baseline -0.003 -11"><span class='ocrx_word' id='word_1_373' title='bbox 938 2749 1001 2794; x_wconf 86' lang='lat' dir='ltr'><strong>qui</strong></span> <span class='ocrx_word' id='word_1_374' title='bbox 1020 2753 1138 2783; x_wconf 78' lang='lat' dir='ltr'><strong>tamen</strong></span> <span class='ocrx_word' id='word_1_375' title='bbox 1160 2749 1286 2783; x_wconf 84' lang='lat' dir='ltr'><strong>bellum</strong></span> <span class='ocrx_word' id='word_1_376' title='bbox 1311 2750 1492 2783; x_wconf 78' lang='lat' dir='ltr'><strong>Sullanum</strong></span> <span class='ocrx_word' id='word_1_377' title='bbox 1510 2747 1604 2782; x_wconf 76' lang='lat' dir='ltr'><strong>malo</strong></span> 
     </span>
     <span class='ocr_line' id='line_1_76' title="bbox 938 2793 1600 2841; baseline -0.005 -10"><span class='ocrx_word' id='word_1_378' title='bbox 938 2795 1108 2841; x_wconf 80' lang='lat' dir='ltr'><strong>explicat,</strong></span> <span class='ocrx_word' id='word_1_379' title='bbox 1131 2795 1224 2841; x_wconf 83' lang='lat' dir='ltr'><strong>quod</strong></span> <span class='ocrx_word' id='word_1_380' title='bbox 1243 2795 1347 2831; x_wconf 77' lang='lat' dir='ltr'><strong>Sulla</strong></span> <span class='ocrx_word' id='word_1_381' title='bbox 1363 2805 1444 2831; x_wconf 88' lang='lat' dir='ltr'><strong>cum</strong></span> <span class='ocrx_word' id='word_1_382' title='bbox 1455 2793 1600 2830; x_wconf 72' lang='lat' dir='ltr'><strong>Mithri-</strong></span> 
     </span>
    </p>
   </div>
  </div>
 </body>
</html>
