1728 3054
385 188 887 243 commnm’ra‘mo*
923 167 1200 241 emrica
1320 200 1495 241 cnxxm

116 315 322 357 labor-anst
348 312 530 366 utrisque
564 312 624 352 sic
655 323 775 362 usus,
802 309 916 363 quasi
941 307 1008 351 vel
1033 309 1152 358 inae,
1186 308 1251 349 vel
1277 307 1402 358 haec,
1429 320 1495 349 so.

116 373 157 412 la
183 373 226 412 in
255 385 306 412 eo
333 372 519 410 fuissent.
549 367 590 422 *)
649 367 732 408 Sub
770 369 976 418 Augusto,
1021 379 1175 407 summa
1200 359 1385 406 vitiorum
1411 366 1500 406 dis·-

115 429 383 477 simulatione,
401 437 562 480 pravam
590 425 712 464 animi
738 423 915 464 indolem
945 423 1151 463 rarissime
1178 423 1370 473 exseruit,
1390 423 1496 463 adeo

113 490 183 533 ut,
213 485 281 538 qui
312 488 406 537 post
433 494 478 522 se
506 482 557 521 ad
585 480 830 532 reipublicae
864 480 1134 532 gubernacula
1162 480 1400 530 accederet,
1439 479 1498 519 vi·

115 543 219 581 trico
257 553 338 580 non
373 539 562 589 indignus
597 537 826 576 videretur:
862 537 1082 588 praecipue
1117 536 1281 587 quidem
1318 536 1370 575 ob
1399 535 1496 576 boni

114 598 256 647 ducis,
283 597 428 649 quibus
464 593 676 646 imperium
711 592 939 631 Romanum
974 593 1274 632 imminentibus
1302 592 1494 644 periculis

115 654 325 705 aliquoties
351 652 582 699 liberasset,
620 649 804 687 virtutes.
860 649 970 698 Quas
1009 640 1051 687 ih
1086 660 1137 692 eo
1175 648 1324 696 fuisse,
1359 649 1494 689 nullus

113 711 354 762 scriptorum
390 706 548 753 abnuit,
592 717 739 755 resque
778 708 918 743 contra
954 704 1136 743 Rhaetos
1178 706 1221 743 et
1237 703 1493 746 ‘Vindelicos

114 771 234 817 atque
270 765 313 804 in
349 763 575 809 Pannonia,
619 760 816 799 Dalmatia
855 764 898 799 et
939 759 1156 799 Germania
1200 764 1340 811 gestae
1378 761 1494 814 ipsae

112 822 341 874 loquuntur.
406 819 497 858 Huc
533 821 670 861 autem
704 817 833 856 maior
866 829 962 869 pars
1002 828 1165 863 eorum,
1203 828 1306 867 quae
1343 817 1495 858 Noster

112 878 165 917 de
202 875 368 916 Tiberio
403 874 645 927 expromsit,
689 873 879 926 pertinet.
938 872 1021 912 Ubi
1049 885 1142 912 eum
1170 871 1267 911 ficta
1293 886 1492 923 narrasse,

110 946 232 986 snpra
260 931 509 983 negavimus,
547 942 642 969 vera
670 930 841 969 artificio
870 930 1044 969 oratorio
1073 928 1302 968 celebrasse
1330 927 1493 970 conces·

110 990 255 1036 simns3
291 989 401 1028 idem
433 986 620 1040 arbitrati
659 985 713 1037 de
750 986 957 1025 felicitatis
994 986 1182 1037 publicae
1218 986 1294 1025 sub
1335 986 1493 1027 Tiberii

109 1046 334 1099 principatu
374 1049 416 1084 et
452 1043 697 1096 singularum
734 1055 870 1082 rerum
909 1043 960 1082 ab
1000 1054 1051 1081 eo
1082 1041 1264 1094 principe
1293 1055 1494 1083 memora-

109 1103 247 1143 biliter
284 1104 489 1153 gestarum
525 1098 851 1152 praedicatione3
892 1098 1099 1151 plerisque
1137 1098 1284 1138 idoneo
1323 1099 1493 1140 aliorum

110 1159 341 1198 testimonio
375 1155 631 1196 confirmatis.
689 1153 891 1194 Velleium
921 1154 1175 1195 Paterculum
1203 1155 1327 1205 igitur
1354 1156 1396 1195 in
1427 1170 1493 1204 eo,-

110 1214 216 1267 quod
256 1213 488 1267 primarium
526 1215 592 1252 est
618 1212 660 1252 in
688 1210 846 1264 Tiberii
871 1212 1018 1259 rebus,
1058 1211 1168 1251 haud
1209 1211 1359 1253 falsum
1398 1216 1497 1254 esso⁴

24 1271 28 1274 “
108 1275 289 1324 apparet.

223 1371 278 1412 At
300 1383 378 1424 per
408 1369 693 1411 adulationem
724 1367 855 1409 multa
881 1369 988 1409 celat
1024 1372 1100 1409 aut
1128 1369 1262 1410 velat.-
1298 1371 1423 1411 immo
1452 1377 1496 1412 et

272 1428 398 1467 aliter
425 1433 592 1467 narrat.
648 1426 831 1466 Alterum
863 1426 1063 1473 concedo;
1101 1427 1155 1466 de
1190 1427 1317 1467 altero
1353 1428 1496 1468 nonni·

110 1484 170 1523 hil
211 1484 362 1524 dubito.
430 1484 533 1523 Nam
571 1483 667 1534 quid
708 1482 833 1523 voluit
870 1482 1030 1534 Lipsius
1064 1481 1133 1537 **)
1169 1484 1325 1524 verbis:
1363 1485 1494 1525 multa

106 1540 252 1594 palam
288 1540 412 1580 aliter
445 1540 630 1579 narrat?
666 1539 711 1579 Si
740 1544 823 1578 est:
863 1538 980 1578 aliter
1008 1543 1136 1590 atque
1157 1539 1225 1579 alii
1253 1540 1495 1592 scriptores3

110 1597 210 1636 nihil
238 1609 386 1637 moror.
440 1596 589 1636 Refert
617 1594 798 1637 Velleius
825 1608 894 1634 res
924 1596 1139 1646 quasdam,
1174 1601 1220 1636 ut
1246 1608 1316 1636 eas
1344 1597 1494 1638 referri

108 1653 215 1697 telle
255 1653 465 1692 Tiberium
500 1653 646 1700 sciret,
685 1663 767 1691 non
804 1652 1010 1699 detracta,
1054 1665 1174 1703 quam
1209 1652 1492 1695 callidissimus

109 1709 333 1761 Imperator
370 1709 421 1748 iis
456 1709 664 1756 induerat,
692 1708 842 1760 specie.
896 1708 953 1748 At
989 1709 1191 1759 quomodo
1218 1709 1297 1749 hoc
1326 1723 1493 1750 accusa-

108 1766 230 1804 tionis
269 1770 389 1818 caput
428 1770 513 1804 tum
551 1765 601 1804 ab
629 1764 699 1803 illo
728 1764 913 1810 differat,
962 1776 1042 1802 non
1081 1764 1211 1804 video.
1277 1766 1350 1806 Sin
1391 1779 1490 1807 vero

109 1820 268 1873 Lipsius
296 1821 439 1870 voluit,
454 1823 624 1874 fingere
653 1820 850 1871 quaedam
878 1818 1101 1868 Velleium;
1128 1821 1171 1859 id
1200 1833 1317 1873 nego.
1347 1824 1490 1875 Aperti

108 1878 215 1918 enim
255 1878 454 1917 mendacii
500 1876 679 1916 convinci
719 1876 871 1927 nequit.
940 1876 1026 1915 Sed
1065 1877 1191 1924 redeo
1227 1878 1279 1918 ad
1318 1880 1490 1920 alterum

107 1934 285 1974 criminis
322 1939 461 1985 eaput3
520 1946 599 1984 quo
638 1932 803 1972 liberari
840 1931 952 1971 nullo
995 1929 1116 1973 modo
1148 1937 1299 1986 potest.
1365 1936 1491 1977 Plura

78 1996 81 1999 ’
107 1991 267 2030 omnino
294 1991 426 2039 velat,
466 1994 512 2028 ut
549 1989 716 2040 singulis
749 1988 850 2028 locis
889 1989 1146 2029 ostendimus.
1204 1990 1336 2031 Multa
1363 1992 1489 2033 etiam

84 2047 224 2099 ,plane
264 2046 381 2086 celat.
438 2046 483 2085 ln
523 2058 601 2097 quo
635 2045 844 2099 scriptoris
874 2046 1003 2084 nostri
1032 2046 1246 2086 artificium
1276 2048 1318 2088 in
1347 2050 1489 2102 primis

106 2103 296 2142 cernitur.
354 2102 557 2142 Describit
584 2100 793 2141 Tiberium
820 2104 867 2140 ut
898 2103 1104 2154 egregium
1135 2103 1303 2153 ducem,
1335 2111 1380 2146 ut
1402 2106 1488 2146 lau·

106 2159 281 2199 dabilem
310 2159 544 2213 principem.
602 2158 760 2210 Nempe
796 2162 1008 2210 utramque
1039 2172 1258 2212 personam
1287 2164 1488 2202 sustinue-

105 2220 190 2255 rat:
226 2215 360 2264 illam,
398 2215 587 2267 quamdiu
613 2215 839 2265 Augustae,
877 2214 1002 2264 hanc,
1044 2217 1233 2268 quamdiu
1275 2218 1488 2258 Germani·

106 2284 178 2312 cus
203 2272 377 2316 viveret:
416 2285 494 2324 quo
532 2276 717 2323 tempore
754 2274 823 2310 aut
851 2276 964 2311 metu
991 2276 1061 2311 aut
1088 2273 1246 2325 pudore
1273 2280 1343 2314 ant
1371 2281 1489 2316 utro..

107 2339 187 2381 que
223 2328 485 2369 retinebatur.
553 2326 709 2369 Verum
746 2326 943 2367 defuncto
991 2327 1235 2370 Germanico
1270 2331 1488 2385 plurimum

197 2538 335 2619 28¹1oe
356 2539 522 2598 imaginis
551 2539 803 2598 lineamentum
833 2540 1114 2579 subministravit
1142 2543 1213 2601 Pio
1232 2543 1343 2601 §cmm
1366 2544 1486 2582 nrm.

107 2595 317 2672 ἕλκως’
291 2589 704 2678 „iffa-,⁶3:533
729 2588 800 2670 ΞΤ
817 2587 1104 2671 &iil-'mast'
1129 2602 1283 2674 3⁰”9‘⁶’
1313 2593 1487 2633 ’λείως

105 2676 227 2724 μένος.
451 2657 462 2674 2
686 2645 726 2679 ⁸⁰
769 2646 788 2678 Β
930 2648 967 2680 Ε,
1032 2649 1053 2678 8
1085 2648 1133 2673 ια
1178 2649 1335 2682 Minue·
1355 2649 1488 2686 Ἥρη·

196 2731 255 2778 **)
275 2732 498 2771 Praetutium
516 2734 690 2772 editionis-
