1728 3054
228 237 316 280 276

534 234 583 277 c.
620 221 908 279 vunnu
951 234 1336 281 PATERGULI

229 365 310 394 nos
345 337 601 408 quenquam
632 350 690 395 D.
718 352 971 412 Augustus,
1009 368 1157 414 neque
1189 359 1290 400 ante
1327 369 1410 403 nos
1445 355 1611 403 Caesar

230 419 570 465 commendaret
603 420 826 466 Tiberius.

365 487 503 536 CAP.
541 488 724 534 CXXV.
770 490 900 535 Tulit
933 490 1136 549 protinus
1169 489 1367 548 ut'voti,
1401 490 1464 535 ita
1498 506 1610 538 con-

228 555 312 600 silii
346 557 412 600 sui
457 558 663 617 precium
704 573 822 619 resp.
871 574 1018 617 neque
1061 558 1139 602 diu
1182 557 1334 617 latuit,
1380 567 1457 604 aut
1498 562 1608 620 quid

227 640 319 669 non
352 626 850 691 impetrandoXpassuri
883 628 1138 682 fuissemus,
1184 634 1260 671 aut
1301 622 1415 686 quid
1458 629 1607 690 impe—

223 693 389 739 trando
423 693 769 761 profeciss-i‘mus.
818 697 1006 757 Quippe
1041 697 1271 751 exercituS‚
1306 698 1384 755 qui
1414 698 1459 742 in
1488 699 1607 744 Ger-

228 763 377 808 mania
419 764 663 821 militabat,
727 762 1059 825 praesentisque
1104 765 1362 812 Germanici
1404 767 1607 827 imperio

225 833 485 893 regebatur,
521 834 742 893 simulque
774 833 993 895 legiones,
1028 849 1145 893 quae
1179 835 1223 878 in
1252 835 1435 894 Illyrico
1467 844 1607 891 erant,

226 902 352 957 rabie
387 902 587 961 quadam
625 910 670 948 et
716 903 944 964 profunda
990 903 1305 953 confundendi
1340 905 1489 949 omnia
1524 920 1606 950 cu·-

224 970 442 1032 Piditstte:
499 987 666 1017 novum
721 972 912 1030 ducem,
973 987 1144 1017 novum
1196 978 1380 1029 statum,
1441 989 1606 1018 novam

185 1041 506 1098 2quaerebant
537 1042 744 1102 rempub.
814 1043 938 1098 Quin
982 1042 1118 1086 etiam
1162 1041 1257 1085 ausi
1301 1047 1402 1087 sunt
1435 1043 1605 1099 minari,

225 1108 409 1154 daturos
444 1112 640 1168 senatui,
676 1111 858 1156 daturos
891 1109 1271 1171 principidleges3
1303 1111 1492 1157 modum
1525 1114 1604 1156 sti-

192 1178 400 1238 -pendii,
452 1180 590 1224 finem
637 1180 824 1225 militiae
877 1180 962 1225 sibi
1015 1180 1103 1239 ipsi
1148 1181 1414 1225 constituere
1457 1181 1605 1226 conati

223 1253 336 1291 sunt.
369 1248 642 1293 Processum
677 1251 811 1294 etiam
846 1250 892 1293 in
927 1263 1075 1304 arma,
1111 1247 1369 1307 ferrumque
1404 1250 1602 1295 strictum

221 1321 311 1369 est;
354 1322 399 1360 et
432 1332 549 1376 pene
583 1319 631 1362 in
664 1318 871 1362 ultimum
913 1317 1174 1378 gladiorum
1220 1318 1367 1377 erupit
1398 1319 1604 1379 'impuni-

221 1389 301 1428 tas.
373 1384 641 1447 Defuitque,
678 1387 756 1445 qui
791 1392 946 1432 contra
978 1401 1125 1446 remp.
1162 1381 1371 1442 duceret,
1406 1380 1496 1432 non
1526 1389 1603 1446 qui

180 1457 210 1498 3
221 1460 520 1511 sequerentur.

599 1455 694 1500 Sed
748 1456 866 1502 haec
921 1456 1071 1500 omnia
1123 1455 1282 1500 veteris
1322 1456 1603 1516 imperatoris

220 1523 473 1580 maturitas,
523 1525 666 1568 multa
709 1524 975 1580 inhibentis,
1030 1524 1181 1583 aliqua
1234 1538 1338 1569 cum
1382 1527 1602 1586 gravitate

220 1592 502 1651 pollicentis,
536 1592 651 1638 inter
685 1609 884 1639 severam
918 1594 1165 1653 praecipue
1198 1594 1434 1639 noxiorum
1465 1594 1601 1639 ultio-

219 1676 352 1717 nem,
386 1662 503 1707 mitis
538 1663 729 1707 aliorum
765 1662 1029 1724 castigatio,
1075 1663 1223 1707 brevis
1246 1664 1382 1722 sopiit
1424 1679 1478 1709 ac
1523 1679 1600 1707 su-

178 1734 208 1775 4
220 1723 351 1775 stulit.

263 1872 365 1909 CAP.
403 1874 542 1911 CXXV.
582 1877 615 1919 §.
647 1875 681 1911 1.
719 1881 760 1913 ut
789 1877 873 1922 voti,

214 1919 270 1954 ita
293 1920 427 1955 consilii
449 1923 504 1956 sui
523 1924 692 1967 precium.
715 1924 807 1958 Edit.
821 1936 873 1967 pr.

214 1970 257 2000 ut
278 1967 350 2000 voti
378 1972 411 2002 et
445 1970 577 2003 consilii
609 1971 664 2004 sui
692 1973 757 2015 etc.
789 1971 874 2005 Edi-

213 2015 271 2047 tor
299 2013 409 2047 Basil.
448 2015 611 2060 scripsit:
653 2021 688 2050 et
723 2017 797 2051 voti
839 2021 874 2051 et

214 2060 359 2094 consilii.
393 2060 519 2095 Bur-m.
539 2066 578 2096 ut
600 2063 693 2105 voti,
715 2063 768 2098 ita
792 2074 873 2097 con-

214 2105 298 2139 silii.
321 2106 413 2149 quod
438 2108 569 2152 recepi.

257 2165 435 2207 profunda
476 2185 522 2191 —-
565 2165 771 2211 cupiditate.
820 2166 875 2201 Ex

211 2206 381 2244 Sallustio
413 2211 559 2257 Fragm.
591 2223 677 2258 pag.
700 2212 780 2247 982.
814 2225 875 2247 cu—

183 2297 186 2306 ·
209 2255 293 2299 pido
331 2259 510 2302 profunda
541 2258 678 2307 imperii
710 2263 752 2295 et*
781 2260 873 2295 divi-

210 2302 356 2338 tiorum.

257 2360 290 2401 §.
323 2359 358 2394 2.
401 2361 519 2396 conati
565 2366 655 2397 sunt.
697 2361 870 2398 Gruterus

207 2410 291 2440 sunt
313 2405 418 2450 tollit,
442 2419 500 2442 me
523 2419 591 2443 non
614 2407 735 2443 invito.

251 2474 344 2507 pene
367 2465 405 2498 in
429 2466 589 2499 ultimum
612 2470 679 2501 etc.
709 2466 868 2511 Exempl-

209 2514 335 2544 vetust.
366 2511 492 2546 habet:
521 2523 611 2557 pene
639 2514 678 2547 in
707 2514 869 2548 ultimam

207 2559 274 2590 etc.
301 2557 443 2591 Binum.

254 2602 466 2647 Defuitque‚
509 2604 568 2648 qui
601 2609 722 2640 contra
760 2616 869 2650 remp.

206 2646 359 2682 duceret.
377 2649 545 2684 Imitatur
563 2651 704 2686 Sallust.
718 2652 868 2697 Fragm.

204 2693 390 2774 32:334&
413 2697 518 2776 ᾳιιιιίἶι,
536 2703 690 2780 {maga
704 2699 867 2780 idaeum

202 2752 351 2822 cunina}
373 2748 609 2834 23123ri25m5⁸²
722 2755 739 2780 ⁸
786 2756 865 2781 ''⁰'‘

422 1731 530 1788 Quo
572 1730 759 1792 quidem
801 1739 1030 1794 tempore,
1082 1737 1133 1776 ut
1174 1731 1394 1792 pleraque
1435 1733 1601 1794 ignave

988 1877 1021 1919 §.
1053 1875 1088 1911 3.
1119 1876 1212 1911 inter
1238 1888 1395 1912 severam
1411 1872 1600 1922 praecipue

940 1924 1118 1956 noxiorum
1149 1928 1215 1957 etc.
1260 1925 1363 1958 Hunc
1402 1925 1519 1958 locum
1548 1923 1599 1958 ita

940 1969 1092 2003 restituit
1115 1969 1375 2006 Gronov..0bs.
1395 1969 1441 2004 11.
1461 1970 1519 2007 23.
1543 1971 1598 2003 in-

940 2019 996 2049 ter
1017 2027 1174 2049 severam
1202 2018 1390 2061 praecipue
1420 2017 1599 2050 noxiorum

938 2062 1125 2103 ultionem,
1157 2063 1235 2096 miti
1265 2063 1412 2096 aliorum
1440 2063 1598 2107 castiga-

941 2108 1059 2150 tione,
1103 2109 1197 2142 brevi
1236 2110 1340 2154 sopiit
1375 2121 1417 2142 ac
1447 2110 1598 2142 sustulit.

942 2152 1042 2188 Nihil
1082 2154 1151 2196 hoc
1192 2155 1433 2190 emendatione
1468 2155 1597 2189 verius.

942 2200 1043 2234 Certe
1077 2200 1255 2235 noxiorum
1294 2201 1330 2235 in
1371 2206 1507 2239 textum,
1534 2198 1597 2235 ad-

941 2246 1033 2280 misi.
1077 2247 1170 2283 Edit.
1212 2259 1264 2291 pr.
1310 2249 1402 2282 inter
1439 2250 1596 2281 severam

937 2293 1126 2338 praecipue
1169 2299 1362 2328 nostrorum
1415 2294 1594 2338 ultione-m,

940 2340 1034 2374 mitis
1056 2338 1205 2374 aliorum
1227 2340 1416 2386 castigatio
1437 2343 1503 2375 etc.
1535 2344 1537 2346 ’

982 2421 1015 2463 ς.
1040 2418 1086 2454 4.-
1103 2424 1143 2455 ut
1164 2420 1332 2465 pleraque
1354 2420 1485 2467 ignave
1506 2420 1595 2455 Ger-

934 2466 1103 2501 maninus.
1152 2465 1213 2500 Sic
1253 2467 1412 2502 Velleius
1455 2466 1596 2501 Tiberii

935 2512 1116 2547 adulator:
1139 2512 1231 2546 nihil
1259 2513 1423 2556 impedio.
1448 2513 1495 2548 At
1517 2525 1594 2547 cer-

934 2561 971 2593 te
993 2558 1101 2602 sapit,
1138 2569 1180 2593 ac
1203 2558 1272 2594 sibi
1294 2563 1428 2595 constat
1459 2560 1535 2594 sive
1557 2559 1593 2594 in

935 2604 1182 2649 vituperando,
1223 2605 1297 2639 'sive
1333 2605 1371 2639 in
1406 2606 1604 2642 adulando..

935 2651 1123 2685 Videamus
1146 2651 1269 2696 igitur,
1294 2652 1399 2695 quale
1421 2651 1593 2686 iudicium

933 2697 1014 2732 aliis
1037 2698 1124 2731 locis
1155 2698 1198 2732 de
1223 2698 1433 2732 Germanico
1458 2698 1592 2733 fecerit.

930 2744 977 2779 11.
1000 2743 1080 2778 116.
1110 2743 1251 2789 Magna
1273 2745 1311 2778 in
1338 2745 1424 2778 bello
1447 2744 1591 2778 Delma-

930 2791 998 2827 tiso
1021 2791 1256 2836 experimenta
1277 2791 1418 2827 virtutis
1439 2791 1477 2826 in
1499 2791 1590 2826 mul-

1699 2751 1710 2767 “”
1695 2399 1728 2742 ³⁴³ff'Waffl‘zff-*af
1709 2309 1726 2375 »νη
1715 2283 1719 2300 -
1710 2259 1728 2274 s<

1693 2968 1725 3051 l.‘.{fi--²
1696 2909 1725 2962 ,333-
1702 2889 1719 2903 5,
1698 2837 1717 2877 :js
