1728 3054
204 187 317 232 XXIV
640 182 1161 229 DEDICATIO

211 305 298 351 alia
331 302 444 348 ratio
458 336 472 360 ,
517 299 644 360 quod
679 298 908 358 Geor-glus
942 295 1202 357 Spalatinus
1242 295 1309 342 vlr
1343 297 1504 363 eximie
1535 298 1593 343 li-

132 430 134 433 *
215 378 378 418 teratus
414 377 458 416 et
491 367 730 425 candidus,
775 381 867 426 quo
901 371 980 411 tua
1013 365 1256 410 sublimitas
1290 365 1487 413 ministro
1522 382 1596 411 sa-

217 455 399 489 crorum
435 444 479 483 et
512 454 539 482 a
573 435 764 481 consiliis
798 435 960 490 utitur,
1005 433 1173 480 abhinc
1216 440 1408 493 quatuor
1442 451 1596 492 annos,

218 524 323 557 cum
356 505 638 551 intellexisset
672 520 747 549 me
774 504 999 563 quaedam
1029 502 1312 549 historiarum
1343 503 1598 564 fragmenta
1622 493 1631 502 ’

217 577 458 637 reperisse,
493 573 639 618 statim
673 588 757 633 per
789 574 939 617 literas
973 572 1175 632 rogavit,
1210 579 1260 617 ut
1291 572 1391 617 illas
1426 572 1599 618 descri-

221 652 321 707 ptas
355 644 466 688 istuc
500 643 748 698 mitterem,
790 657 881 699 quo
916 647 1100 700 possent
1133 641 1177 685 in
1211 641 1488 687 bibliotheca
1521 647 1599 687 tua

219 714 405 773 reponi,
451 726 588 770 quam
622 716 673 756 ut
707 710 841 755 audio
875 725 1007 770 paras
1040 709 1260 770 insignem
1295 711 1424 755 bonis
1467 717 1600 756 auto-

220 783 343 829 ribus
388 780 689 838 undecunque
743 778 965 825 convectis
1008 779 1339 829 refertiendam.
1415 779 1469 828 In
1509 795 1601 839 qua

221 867 272 897 re
305 857 384 896 tua
419 849 637 896 celsitudo
672 854 873 894 veterum
900 848 1183 907 quorundam
1212 848 1473 909 Principum
1500 849 1602 893 lau-

222 920 330 964 dem
364 919 637 978 aemulatur,
682 918 760 976 qui
803 931 894 963 non
933 918 1153 967 minorem
1195 918 1389 981 gloriam
1439 918 1602 963 instru-

223 988 302 1036 ctis
345 987 629 1032 bibliothecis
677 992 777 1032 sunt
821 987 1072 1042 consecuti,
1115 1002 1252 1046 quam
1297 986 1374 1030 alii
1415 987 1604 1033 conditis

222 1057 420 1102 urbibus.
490 1057 562 1101 Ac
594 1055 739 1100 solent
781 1055 966 1114 quidem
1010 1057 1235 1101 montibus
1270 1071 1395 1102 arces
1427 1057 1604 1101 incom-

222 1126 417 1186 parabili
459 1130 638 1184 sumptu
681 1125 875 1184 imponi,
933 1117 1051 1184 quae
1086 1126 1169 1169 toti
1218 1125 1394 1185 regioni
1434 1126 1606 1185 possint

228 1211 323 1240 esse
358 1194 610 1257 praesidio,
646 1193 756 1238 dum
797 1209 934 1255 quam
968 1194 1227 1257 longissime
1260 1194 1418 1248 hostes¹
1446 1209 1606 1240 arcen-

224 1269 319 1308 tur:
368 1263 418 1307 id
465 1256 591 1321 quod
634 1277 718 1308 nec
762 1268 840 1307 tua
874 1263 1095 1309 celsitudo
1138 1263 1331 1324 negligit
1386 1269 1454 1308 tot
1497 1277 1607 1324 pro·-

225 1332 494 1392 pugnaculis
527 1333 601 1377 vel
645 1347 672 1376 a
706 1331 1002 1378 fundamento
1036 1332 1256 1389 excitatis,
1298 1332 1374 1377 vel
1416 1333 1462 1377 in
1506 1347 1607 1376 me-

224 1401 386 1446 liorem
432 1401 596 1448 faciem
639 1401 858 1449 restitutis.
928 1403 992 1447 At
1034 1408 1201 1460 quanto
1245 1401 1403 1446 melius
1437 1406 1502 1447 est
1533 1401 1608 1445 bi-

225 1470 480 1515 bliothecas
532 1470 712 1530 optimis
756 1471 964 1532 impletas
1006 1471 1152 1527 libris,
1201 1470 1344 1515 Musis
1379 1470 1607 1527 dedicare,

227 1539 388 1597 quibus
429 1540 604 1584 nullum
650 1541 813 1586 certius
847 1540 1119 1601 praesidium
1155 1539 1410 1600 abigendae
1443 1538 1610 1600 procul

227 1608 426 1653 inscitiae
485 1608 700 1654 teterrimi
748 1609 865 1654 illius
924 1610 1180 1655 mortalium
1223 1607 1396 1656 hostis?
1448 1608 1610 1653 Enim-
1647 1607 1655 1623 ¹

227 1691 336 1722 vero
370 1677 498 1721 nobis
532 1677 746 1725 hactenus
781 1679 925 1739 magis
960 1679 1199 1724 defuerunt
1231 1678 1334 1722 libri
1367 1692 1504 1736 quam
1537 1677 1611 1721 in-

230 1745 386 1806 genia,
439 1746 498 1789 de
531 1747 659 1792 bonis
694 1747 819 1792 libris
852 1749 1042 1806 loquor,
1090 1762 1179 1792 non
1224 1753 1316 1791 tam
1361 1745 1611 1805 prophanis

230 1829 370 1873 quam
414 1815 559 1860 sacris.
632 1815 724 1871 Qui
760 1822 810 1861 ut
854 1816 1067 1877 proximis
1111 1816 1232 1860 annis
1273 1815 1458 1876 prodire
1502 1829 1612 1860 coe-

228 1888 422 1942 perunt,
459 1883 523 1927 dii
554 1884 662 1929 boni
701 1900 839 1943 quam
872 1887 1019 1931 statim
1052 1891 1345 1930 retrocessere
1378 1884 1610 1944 lucifugae

235 1951 550 2010 Sophistarum
590 1953 868 2014 phalanges,
905 1954 1192 2014 splendorem
1229 1953 1496 2012 emergentis
1530 1967 1612 1997 ve-

229 2020 366 2064 ritatis
400 2021 519 2065 ferre
553 2037 641 2066 non
679 2024 898 2068 valentes:
939 2029 988 2070 ut
1031 2024 1109 2081 qui
1142 2023 1187 2066 in
1220 2022 1414 2066 tenebris
1447 2021 1613 2066 huma-

234 2104 391 2133 narum
448 2090 738 2136 traditionum
812 2093 934 2138 velut
993 2092 1098 2136 novi
1149 2091 1336 2150 quidam
1392 2090 1614 2137 Platonici

233 2172 392 2216 specus
443 2157 716 2204 habitatores
769 2176 853 2220 per
904 2177 1084 2206 omnem
1125 2161 1261 2206 vitam
1305 2159 1468 2205 fuerint
1509 2173 1615 2204 ver«-

233 2226 328 2270 sati.
397 2226 555 2284 ltaque
598 2229 890 2276 excelsissime
934 2231 1151 2289 Princeps
1193 2230 1252 2273 de
1295 2228 1470 2273 Velleio
1513 2234 1648 2272 tana-⁴

235 2300 330 2339 tum
375 2296 559 2354 accipe,
608 2306 823 2355 quantum
880 2299 1009 2343 nobis
1063 2314 1153 2343 non
1209 2297 1365 2343 invidit
1407 2302 1615 2351 vetustas,

231 2378 323 2407 non
361 2363 596 2423 indignum
645 2368 717 2412 cui
759 2369 806 2412 in
858 2367 1137 2413 bibliotheca
1179 2367 1260 2412 illa
1303 2372 1381 2410 tua
1414 2366 1485 2410 vel
1518 2365 1616 2425 pri—-

233 2447 357 2476 mum
400 2432 555 2478 locum
596 2434 775 2480 tribuas.
845 2437 1070 2482 Describit
1102 2437 1138 2481 is
1172 2451 1242 2480 res
1274 2435 1501 2479 Romanas
1536 2448 1616 2479 ca·—

233 2501 420 2545 stissimo
475 2501 576 2545 stilo
631 2517 717 2561 per
773 2506 1001 2564 epitomen
1057 2506 1116 2550 ab
1171 2505 1284 2550 urbe
1330 2503 1512 2548 condita
1556 2502 1616 2546 ad

236 2583 359 2635 suam
413 2585 556 2627 usque
609 2577 828 2627 aetatem,
894 2574 989 2619 hoc
1041 2579 1130 2630 est,
1185 2579 1392 2631 tempora
1444 2570 1618 2615 Tiberii

232 2635 458 2683 Caesaris:
506 2653 609 2685 nam
661 2641 741 2685 sub
783 2640 876 2688 hoc
921 2643 1100 2702 floruit,
1143 2647 1193 2689 ut
1227 2642 1274 2688 in
1307 2641 1397 2687 vita
1431 2645 1617 2688 annota-
