1728 3054
223 211 320 248 mm
390 236 394 240 -
541 201 827 246 HENRICI
878 199 1232 243 DODWELLI

224 319 418 371 deinceps
461 316 578 357 miles
619 327 709 354 esse
754 317 909 368 posset.
978 313 1065 353 Has
1106 312 1214 353 enim
1255 312 1334 354 sibi
1379 313 1602 365 gratulatur

226 373 483 429 συντυχίας
523 377 565 411 et
592 385 667 423 pro
695 372 804 411 bono
833 369 947 423 quasi
975 370 1111 410 omine
1148 370 1302 414 habere
1328 371 1488 413 videtur
1514 372 1604 424 ipse

224 434 349 474 mirus
379 428 566 470 adulandi
595 428 765 479 artifex,
795 427 905 485 quod
935 431 1166 479 temporum
1205 439 1370 467 suorum
1404 427 1604 479 legitimo-

225 502 313 529 rum
342 487 519 527 rationes
548 485 606 524 ita
635 498 727 525 cum
755 480 914 526 Tiberii
943 484 1201 537 expeditione
1233 483 1476 524 Germanica
1509 496 1607 525 con-

226 544 445 589 currerint,
474 545 520 581 ut
543 541 746 594 integrum
781 542 820 581 ei
846 541 990 590 fuerit,
1018 554 1155 581 rerum
1182 554 1207 581 a
1236 540 1403 582 Tiberio
1429 541 1473 581 in
1502 540 1606 581 Ger·

225 602 357 642 mania
388 603 592 651 gestarum
621 599 691 639 illo
719 598 917 639 novennio
948 598 1126 637 omnium
1153 596 1219 638 vel
1252 598 1371 638 testis
1399 610 1516 647 esse,
1540 596 1607 637 vel

225 657 442 712 particeps·
516 656 678 708 Alioqui
719 655 829 695 nulla
867 655 1014 695 fuisset
1057 654 1117 695 illi
1164 655 1387 694 necessitas
1429 654 1606 705 honores

227 715 324 754 olim
351 727 375 753 a
403 725 448 752 se
475 717 610 762 gestos
633 712 994 760 commemorandi,
1023 712 1100 751 nisi
1119 715 1316 762 quatenus
1342 711 1445 751 viam
1473 715 1606 752 strue-

225 772 323 811 bant
357 769 408 809 ad
439 769 619 810 ultimam
651 770 785 817 illam,
823 782 941 820 quam
980 769 1055 808 sub
1097 767 1266 808 Tiberio
1305 769 1454 820 gessit,
1499 767 1607 808 mili-

225 829 336 868 tiam.
391 826 470 866 Hic
499 838 621 877 ergo,
661 827 697 866 si
728 825 875 866 Velleii
901 829 1080 867 mentem
1107 825 1381 877 asseffliimur,
1418 825 1478 864 ita
1504 824 1609 875 legi-

225 884 314 924 timi
345 883 494 922 fuerint
521 884 581 922 illi
609 883 911 923 adolescentum
941 882 1248 931 senatoriorum,
1277 881 1436 921 durnin
1465 881 1609 921 ordine

226 941 406 992 equestri
435 944 593 988 essent,
629 940 828 987 honores,
858 943 900 978 et
927 938 1126 978 honorum
1153 942 1359 990 tempora,
1382 937 1610 991 'stipendio-

225 1011 396 1049 rumque
425 997 465 1036 in
494 997 649 1036 honore
678 1008 918 1048 unoquoque
949 1007 1150 1038 numerus.
1209 994 1278 1034 Sic
1305 999 1422 1035 erunt
1444 998 1609 1034 nostrae

223 1054 318 1094 illae
348 1051 671 1102 observationes,
714 1065 794 1092 non
839 1053 883 1092 in
916 1051 1084 1091 historia
1123 1050 1272 1092 Velleii
1310 1051 1421 1100 sola,
1454 1051 1530 1091 sed
1566 1051 1611 1091 iu

225 1124 373 1152 coaeva
416 1110 579 1152 illorum
628 1114 857 1164 temporum
904 1108 1166 1162 chronologia
1220 1108 1429 1159 universa,
1478 1106 1610 1150 utilis‘

223 1181 364 1209 simae.
1276 1184 1281 1195 ·

227 1303 267 1358 ἓ.
300 1304 368 1345 15.
413 1299 668 1342 Tribunatus
704 1301 774 1342 ille
808 1300 1022 1355 posterior
1059 1277 1286 1342 castrensis
1325 1299 1611 1354 opponebatur

285 1359 566 1415 beneficiario.
595 1359 873 1412 Praefectura
902 1358 1086 1413 equitum
1115 1358 1277 1408 eadem,
1309 1371 1418 1412 quae
1447 1357 1552 1399 alae.

316 1465 446 1512 'Erat
473 1471 581 1512 enim
611 1475 723 1512 certe
751 1470 1010 1524 praefectura
1046 1470 1116 1511 illa
1151 1471 1333 1524 equitum
1359 1471 1468 1511 idem
1505 1470 1612 1510 mili-

229 1530 286 1570 tia
316 1530 463 1581 gradus
493 1542 584 1568 cum
614 1541 683 1576 eo,
726 1541 845 1580 quem
879 1528 966 1568 alae
994 1528 1292 1581 praefecturam
1321 1528 1480 1568 dixerat
1508 1529 1612 1569 Sue-

228 1587 376 1628 tonius,
435 1585 536 1625 cum
567 1598 616 1625 eo
647 1586 833 1625 nimirum
861 1585 998 1633 idem,
1037 1586 1107 1637 qui
1139 1586 1284 1625 tertius
1321 1590 1410 1625 erat
1436 1585 1478 1624 in
1507 1585 1613 1624 mili-

230 1645 286 1685 tia
315 1643 516 1695 equestri,
546 1648 587 1682 et
616 1643 681 1682 cui
710 1643 922 1682 senatoriis
953 1642 1276 1682 adolescentibus
1305 1655 1385 1682 uon
1414 1642 1492 1681 alia
1520 1642 1612 1693 lege

228 1701 344 1740 locus
374 1703 482 1749 erat,
529 1699 607 1738 nisi
645 1704 738 1739 ante
775 1698 905 1738 functi
934 1699 1109 1739 fuissent
1136 1700 1352 1739 tribunatu.
1408 1698 1490 1739 Pro
1519 1699 1613 1750 lege

230 1758 387 1797 scilicet
415 1756 603 1806 Augusti,
635 1755 725 1808 (sub
758 1768 836 1805 qno
865 1756 962 1794 vixit
995 1756 1260 1807 militavitque
1289 1753 1504 1811 Velleius,)
1544 1756 1613 1807 qui

229 1814 393 1854 tertium
427 1812 558 1850 locum
587 1811 646 1850 illi
675 1812 956 1863 praefecturae
984 1812 1130 1860 dedit,
1149 1813 1215 1851 cui
1244 1812 1467 1851 secundum
1500 1815 1613 1865 post-

229 1882 278 1914 ea
316 1883 340 1908 a
379 1868 547 1907 Claudio
584 1868 720 1906 datum
769 1867 1078 1909 observavimus.
1135 1868 1180 1907 In
1228 1881 1318 1908 eam
1365 1869 1472 1908 enim
1511 1881 1613 1908 sen-

228 1926 394 1967 tentiam
426 1924 538 1970 addit
568 1929 780 1975 praeterea
809 1923 1049 1972 Suetonius,
1078 1922 1117 1975 *)
1158 1938 1211 1964 ne
1241 1925 1333 1977 quis
1362 1937 1513 1978 expers
1543 1939 1614 1965 ca·-

229 1988 415 2024 8trorum
455 1986 586 2026 esset,
643 1980 762 2020 binos
799 1980 894 2033 pler
896 1993 1046 2033 umque
1092 1982 1330 2021 laticlauios
1364 1982 1613 2048 praeposuit

229 2039 407 2093 singulis
437 2038 531 2077 alis.
589 2036 691 2076 Cum
720 2038 795 2085 ait,
834 2037 1053 2076 laticlavios
1083 2038 1156 2078 alis
1188 2038 1314 2078 fuisse
1344 2039 1613 2090 praepositos,

228 2096 374 2136 exinde
412 2093 533 2134 facile
573 2094 797 2145 colligitur,
838 2094 1044 2138 tribunatu
1080 2083 1208 2134 fuisse
1247 2095 1483 2146 defunctos,
1519 2103 1613 2136 cum

227 2165 308 2195 non
338 2155 455 2196 antea
482 2150 723 2191 laticlavium
757 2150 942 2202 accipere
971 2151 1172 2199 solerent,
1212 2165 1331 2204 quam
1369 2151 1542 2193 fuissent
1569 2153 1613 2194 in

228 2210 446 2250 tribunatu.
503 2208 572 2261 Ait
600 2211 837 2260 praeterea,
866 2207 1018 2247 factum
1042 2207 1120 2247 hoc
1150 2209 1199 2248 ab
1231 2209 1413 2261 Augusto
1441 2221 1490 2248 eo
1519 2223 1614 2250 con-

227 2266 338 2315 silio,
376 2277 429 2304 ne
464 2265 551 2316 quis
592 2277 735 2317 expers
775 2267 996 2303 castrorum
1027 2270 1147 2306 esset.
1207 2266 1308 2306 Inde
1341 2265 1464 2305 etiam
1493 2270 1536 2307 et
1563 2266 1614 2306 il·-

227 2323 298 2363 lud
326 2321 611 2373 intelligimus,
648 2333 767 2372 quam
805 2325 991 2360 accurate
1019 2322 1189 2362 invicem
1218 2321 1501 2374 responderint
1530 2323 1614 2363 ala-

226 2393 316 2420 rum
345 2378 440 2419 illae
468 2378 508 2417 in
538 2378 680 2417 castris
709 2377 1014 2430 praefecturae,
1058 2383 1100 2418 et
1132 2379 1356 2419 tribunatus
1396 2390 1465 2418 eas
1494 2393 1613 2432 prae-

227 2437 399 2487 cedens,
429 2435 615 2475 similiter
643 2438 686 2474 et
714 2435 805 2486 ipse
833 2438 1067 2474 castrorum.
1111 2436 1304 2487 Fierique
1332 2436 1435 2475 adeo
1463 2440 1613 2489 potest,

226 2497 272 2532 ut
300 2494 411 2546 prior
438 2491 508 2532 ille
536 2492 786 2542 tribunatus,
822 2491 891 2542 qui
919 2495 1141 2532 castrorum
1172 2505 1252 2533 non
1278 2491 1368 2542 fuit,
1397 2493 1613 2534 beneficia-

227 2550 313 2593 rius
346 2550 555 2593 dumtaxat
590 2548 736 2599 t'uerit,
784 2560 877 2601 cum
915 2548 1166 2592 immunitate
1204 2562 1229 2592 a
1273 2551 1508 2593 muneribus
1545 2562 1612 2593 ca-

317 2739 358 2797 ²⁸¹).
378 2738 521 2776 Sueton.
545 2739 635 2785 Aug.
663 2748 740 2784 cap.
766 2737 829 2782 38.
