1728 3054
242 204 386 242 XXXVI
604 195 886 238 HENRICI
934 194 1294 239 DODWELLI

242 313 417 366 demque
445 308 614 364 imperii
640 307 716 348 sm·
739 310 906 348 morata
933 307 980 348 in
1007 307 1111 349 urbe
1142 309 1313 362 patria,
1352 307 1547 361 protinus
1576 307 1620 346 in

243 369 511 409 Germaniam
538 365 664 405 misit.
719 364 862 416 Itaque
899 364 990 418 ipso
1016 364 1090 404 illo
1118 377 1244 413 anno,
1278 376 1357 417 quo
1399 363 1533 404 fuerat
1569 365 1620 403 ab

241 427 424 477 Augusto
460 422 698 474 adoptatus,
744 422 890 462 missus
932 422 975 461 in
1011 421 1270 462 Germaniam
1317 424 1382 460 est
1418 419 1619 460 Tiberius.

240 482 344 522 Inde
380 481 555 526 factum,
593 481 640 518 ut
677 477 787 518 illius
824 477 919 518 anni
945 477 985 526 *)
1015 479 1167 519 aestiva
1200 479 1242 518 in
1281 490 1461 517 mensem
1491 489 1621 528 usque

239 537 509 579 Decembrem
537 534 786 587 perduxerit.
816 534 982 576 Aestiva
1009 536 1197 576 nimirum
1224 533 1413 586 intelligit
1442 531 1620 574 Velleius

240 593 452 641 militaria3
490 603 595 643 quae
622 591 804 632 hibernis
832 593 1156 645 opponebantur,
1196 592 1341 633 itidem
1367 590 1620 630 militaribus.

240 650 429 700 Aestiva,
464 648 651 700 inquam,
692 649 815 689 rebus
843 650 1031 700 gerendis
1060 653 1174 702 apta,
1210 661 1314 701 quae
1341 648 1416 688 sub
1444 647 1620 700 pellibus

243 707 375 759 egerit
410 705 638 755 exercitatas,
678 709 720 745 et
751 706 794 745 in
829 707 994 755 castris,
1032 719 1107 758 pro
1144 719 1191 746 re
1231 709 1347 753 nata,
1380 704 1618 750 mobilibus;

241 776 335 804 cum
364 763 535 802 hiberna
561 761 605 801 in
633 762 777 802 castris
805 762 958 803 soleret
996 775 1118 815 agere
1145 763 1279 815 potius
1307 761 1474 802 stativis.
1532 759 1620 799 Nec

242 832 342 860 sane
369 831 437 859 res
465 829 490 858 a
518 812 686 858 'Tiberio
713 819 793 859 hoc
820 819 909 871 ipso
938 832 1041 859 anno
1070 824 1212 871 gestae
1248 819 1524 872 patiebantur,
1560 821 1619 865 ut,

243 876 313 929 qui
339 879 434 929 post
461 874 565 914 lunii
592 873 757 915 XXVII.
784 876 827 915 in
856 875 1113 916 Germaniam
1148 881 1335 924 venerat,
1373 875 1417 915 in
1450 874 1620 914 hiberna

243 946 339 974 sese
367 935 463 972 ante
489 944 671 972 mensem
698 931 966 972 Decembrem
990 933 1175 985 recipere
1204 932 1394 986 potuerit.
1423 931 1619 970 Subactos

244 990 353 1031 enim
381 988 507 1029 tradit
534 987 715 1029 Velleius
744 989 823 1029 hoc
851 1002 956 1029 anno
985 989 1256 1038 Canninefates,
1282 988 1499 1036 Attuarios,
1519 987 1620 1026 Bru-

244 1050 400 1095 cteros,
426 1048 616 1098 receptos
644 1045 687 1084 in
713 1045 839 1086 fidem
867 1046 1120 1095 Cheruscos,
1150 1046 1365 1086 transitum
1401 1043 1620 1095 Visurgim,

243 1105 457 1157 penetrata
496 1102 739 1142 Germaniae
776 1103 981 1142 ulteriora.
1048 1103 1194 1143 Obstat
1220 1106 1453 1154 praeterea,
1491 1114 1543 1140 ne
1577 1101 1620 1139 in

243 1163 483 1211 sequentem
517 1171 665 1198 annum
699 1158 905 1199 reiiciatur
941 1159 1181 1199 Germanica
1207 1159 1278 1199 illa
1305 1158 1462 1198 Tiberii
1498 1170 1621 1210 expe-

243 1216 371 1265 ditio,
415 1215 523 1268 quod
552 1213 622 1268 **)
657 1227 824 1268 operum
861 1216 948 1256 eius
986 1229 1061 1268 per
1096 1228 1222 1256 annos
1250 1216 1460 1256 continuos
1487 1214 1545 1254 IX
1575 1226 1620 1254 ae

245 1275 519 1326 spectatorem
546 1271 700 1320 fuisse,
743 1276 812 1312 aut
840 1272 1091 1322 adiutorem,
1129 1274 1254 1313 iactet
1289 1273 1379 1325 ipse
1419 1271 1617 1312 Velleius.

243 1330 372 1370 Exire
398 1329 459 1369 illi
487 1328 581 1368 anni
608 1341 689 1368 non
713 1332 901 1380 poterant
928 1333 1021 1378 ante
1049 1342 1195 1369 annum
1218 1328 1508 1370 Varronianum
1523 1331 1620 1370 765.

245 1399 326 1439 quo
358 1385 482 1426 rediit
510 1398 536 1425 e
564 1384 782 1426 Germania
808 1387 866 1427 ita
892 1385 1096 1436 Tiberius,
1123 1390 1169 1427 ut
1197 1398 1248 1426 eo
1276 1399 1478 1437 nunquam
1506 1388 1620 1438 post-

245 1456 296 1483 ea
324 1442 378 1483 sit
404 1453 611 1490 reversus3
651 1441 771 1494 paulo
807 1446 944 1483 tamen
978 1447 1097 1483 antea
1139 1455 1258 1495 quam
1291 1456 1431 1497 parem
1459 1443 1619 1494 accipe-

243 1502 312 1540 ret
354 1510 447 1541 cum
482 1499 663 1550 Augusto
703 1498 746 1538 in
778 1499 1002 1551 provincias
1042 1503 1300 1553 potestatem.
1365 1499 1427 1539 Ita
1462 1503 1619 1538 certum

245 1559 334 1605 est,
378 1568 447 1596 res
473 1554 632 1595 Tiberii
667 1555 710 1595 in
745 1555 962 1596 Germania
997 1560 1134 1608 gestas
1168 1557 1248 1597 hoc
1274 1557 1365 1609 ipso
1392 1556 1620 1608 adoptionis

222 1615 350 1653 'anno
376 1613 474 1654 757.
501 1611 660 1652 initium
688 1612 906 1665 accepisse.
962 1612 1075 1653 Fieri
1107 1613 1226 1653 aliter
1258 1625 1340 1653 non
1377 1614 1531 1665 potuit,
1575 1617 1620 1651 ut

243 1669 309 1709 vel
337 1669 543 1710 minimam
576 1669 670 1710 anni
703 1670 801 1712 noni
836 1673 995 1724 partem
1023 1668 1205 1712 Velleius
1234 1669 1365 1722 egerit
1400 1669 1443 1709 in
1477 1669 1620 1709 militia
1696 1671 1700 1676 ’

245 1725 417 1767 Tiberii.

671 1855 712 1915 ἓ.
739 1864 782 1904 2.
815 1854 931 1902 Acta
962 1856 1066 1902 anm*
1091 1863 1189 1904 758.

356 1959 549 2016 Sequitur
573 1962 616 2003 in
650 1961 811 2004 Velleio
855 1976 982 2004 annus
1018 1963 1142 2013 alius,
1183 1963 1296 2003 cuius
1329 1975 1426 2003 vere
1451 1962 1619 2003 ineunte

242 2015 413 2059 redierit
449 2019 640 2060 Tiberius
687 2020 730 2060 in
778 2020 1047 2061 Germaniam.
1112 2020 1195 2060 Iam
1239 2020 1521 2072 perlustratam
1560 2020 1619 2059 di-

242 2076 301 2116 cit
321 2074 417 2133 ***)
446 2077 568 2117 armis
595 2080 724 2118 totam
752 2077 879 2118 fuisse
909 2078 1180 2117 Germaniam.
1208 2076 1292 2117 Iam
1322 2077 1445 2117 victas
1475 2081 1619 2128 gentes

241 2142 372 2185 paene
397 2134 626 2173 nominibus
653 2134 891 2186 incognitas.
941 2134 1025 2174 lam
1052 2139 1237 2186 receptas
1267 2133 1520 2173 Cauchorum
1548 2147 1618 2173 na-

240 2190 385 2229 tiones.
413 2189 498 2230 lam
525 2190 677 2231 fractos
706 2190 1017 2243 Langobardos,
1052 2195 1215 2243 gentem
1255 2191 1377 2230 etiam
1416 2190 1618 2230 Germana

239 2246 406 2286 feritate
443 2246 701 2288 ferociorem.
765 2247 848 2287 Iam
897 2248 950 2287 ad
997 2248 1432 2300 quadringentesimum
1477 2247 1618 2287 millia-

238 2303 344 2343 rium
373 2316 398 2342 a
424 2301 570 2344 Rheno
596 2317 727 2356 usque
756 2305 809 2344 ad
836 2304 988 2344 flumen
1016 2304 1150 2344 Albim
1180 2305 1406 2344 Romanum
1444 2316 1536 2344 cum
1564 2304 1617 2343 si-

237 2359 329 2412 gnis
356 2360 597 2413 perductum
625 2361 754 2401 fuisse
788 2361 914 2401 tradit
943 2362 1177 2402 exercitum.
1219 2361 1333 2401 Haec
1367 2360 1488 2401 huius
1522 2361 1617 2401 anni

237 2419 356 2468 gesta
391 2416 487 2457 huic
524 2419 669 2459 aestati
706 2418 851 2458 tribuit
890 2416 1084 2460 Velleius.
1124 2418 1284 2458 Certior
1310 2416 1497 2457 nimirum
1531 2417 1615 2467 ille,

237 2473 473 2526 pariterque
500 2475 634 2516 minus
662 2474 858 2517 confusus
885 2474 1016 2517 Dione
1043 2473 1161 2530 ****)
1188 2475 1327 2526 testis,
1355 2474 1424 2528 qui
1452 2474 1615 2516 triennii

324 2596 365 2664 2
388 2596 477 2632 ven.
498 2598 562 2654 ιη).
585 2597 632 2634 11.
654 2608 731 2643 cap.
752 2597 836 2633 105.

324 2643 870 2736 *λῖδὲίῑῗῗὲῧῗὶἩιῦῗὲὰ.

324 2734 423 2783 ****)
445 2737 515 2775 Dio
535 2737 601 2776 lib.
630 2737 704 2777 ΙΝ.
734 2747 826 2775 anno
846 2734 931 2774 759.
