1728 3054
221 223 285 287 58
508 220 890 267 =c.VELL1311
927 220 1323 267 PATnncULI

185 337 329 383 Sanni
357 336 473 382 CLI.
504 333 699 382 Factam
732 335 927 397 Opimii,
964 338 1091 398 quod
1114 339 1440 386 inimicitiarum
1470 354 1612 400 quae-

223 408 307 452 sita
328 415 422 449 erat
447 405 585 462 ultio,
620 406 767 450 minor
794 414 980 465 sequuta
1007 409 1271 453 auctoritas:
1308 416 1352 454 et
1386 411 1478 454 visa
1499 411 1612 455 ultio

221 476 401 536 privato
431 473 541 519 odio
572 476 740 535 magis,
778 491 914 534 quam
943 478 1157 537 pubHcae
1186 477 1411 523 vindictae
1440 478 1558 524 data.

363 542 499 588 CAP.
521 543 642 590 Vm.
670 545 874 590 Subinde
897 547 1061 592 Porcio
1089 547 1358 605 Marcioque
1382 547 1504 594 Coss.
1530 546 1614 592 de-

224 611 364 657 ducta
397 613 602 670 colonia,
636 615 792 658 Narbo
814 615 1015 660 Martius.
1051 616 1297 661 Mandetur
1325 615 1490 660 deinde
1514 631 1613 671 me-

222 681 396 727 moriae
426 683 635 726 severitas
663 684 946 730 iudiciorum.
984 686 1172 745 Quippe
1211 684 1263 729 G.
1301 685 1415 730 Cato
1450 700 1614 730 consu-

222 751 355 807 laris,
390 751 459 795 M.
493 752 676 797 Catonis
707 769 874 812 nepos,
920 754 1118 798 Africani
1152 755 1315 798 sororis
1348 754 1489 811 filius,
1530 769 1614 798 re-

221 820 527 880 petundarum
549 837 603 866 ex
633 821 908 868 Macedonia
932 823 1166 868 damnatus
1195 830 1278 875 est3
1314 837 1416 868 cum
1439 824 1492 867 lis
1523 823 1615 867 eius

219 890 331 939 1111
363 891 684 936 aestimaretur.
754 891 888 936 Adeo
926 892 993 936 illi
1032 894 1116 938 viri
1157 892 1302 953 magis
1340 894 1615 937 voluntatem

190 960 449 1020 *peccandi
494 961 803 1021 intuebantur,
857 976 995 1021 quam
1031 961 1242 1020 modum,
1298 962 1510 1021 factaque
1553 961 1614 1005 ad

265 1105 302 1147 §-
333 1103 370 1139 6.
416 1104 682 1140 inimicitiarum
725 1106 888 1151 quaesita

179 1175 188 1179 -
217 1155 298 1185 erat
318 1150 416 1186 ultio.
441 1152 571 1186 Merito
593 1152 749 1196 Lipaium
769 1153 887 1187 offen-

219 1196 272 1231 dit
294 1197 440 1241 ingrata
468 1198 567 1233 vocis
598 1201 684 1233 ultio
711 1200 884 1243 repetitio.

219 1243 293 1279 Sed
318 1243 396 1279 eius
416 1245 591 1279 medicina
616 1246 760 1280 modum
784 1258 886 1280 exce-

219 1290 284 1324 dit.
320 1284 427 1325 Forte
455 1293 660 1337 legendum·
699 1294 790 1338 quod
813 1294 884 1327 ini-

217 1336 435 1374 micitiarum
462 1339 623 1382 quaesita
648 1345 725 1373 erat
747 1340 886 1373 relatio.

219 1382 298 1418 cic.
321 1395 384 1426 pro
398 1384 535 1418 Scauro
556 1396 637 1430 pag.
648 1385 728 1421 617.
744 1397 803 1419 eas
822 1386 887 1419 sibi

217 1429 424 1464 inimicitias
450 1443 519 1464 non
535 1436 729 1476 susceptas,
752 1433 813 1465 sed
831 1443 888 1465 re-

218 1477 327 1510 latas.
364 1477 477 1521 Saepe
507 1477 558 1511 sic
587 1483 722 1512 veteres
745 1478 788 1511 de
810 1478 889 1512 vin-

218 1522 317 1557 dicta
352 1524 553 1567 loquuntur.
589 1525 722 1559 Seneca
747 1526 792 1558 de
826 1525 887 1559 Ira

217 1570 264 1605 11.
303 1569 361 1605 32.
380 1571 492 1611 dulce
520 1575 594 1613 est,
624 1572 776 1605 dolorem
804 1572 886 1605 red-

220 1616 316 1650 dere.
339 1616 491 1651 Ibidem:
518 1618 588 1660 Qui
608 1618 759 1652 dolorem
782 1629 888 1662 rege-

220 1663 290 1704 rit,
334 1667 473 1697 tantum
520 1665 715 1699 excusatius
752 1670 886 1709 peccat.

220 1709 286 1745 La·
288 1698 381 1746 tant.
407 1711 461 1744 Vl.
493 1710 550 1744 18.
575 1723 643 1747 nou
664 1712 777 1745 minus
796 1712 887 1745 enim

222 1757 313 1789 mali
332 1762 402 1799 est,
429 1759 561 1800 referre
579 1758 757 1798 iniuriam,
783 1770 888 1802 quam

220 1803 363 1844 inferre.
410 1807 445 1837 et
477 1815 576 1837 mox:
617 1805 684 1846 iis,
723 1805 782 1848 qui
823 1805 890 1838 sibi

221 1854 365 1892 nocent,
402 1850 512 1883 vicem
545 1851 736 1884 retribuere
760 1863 890 1885 conan-

220 1899 292 1930 tur.

270 1942 358 1975 ultio
377 1942 516 1986 privato
537 1942 622 1975 odio·
635 1943 764 1987 magis,
784 1954 888 1986 quam

221 1988 382 2032 publicae
415 1989 591 2022 vindictae
627 1990 726 2023 data.
760 1989 888 2023 Sensus

223 2033 286 2068 hic
303 2039 375 2068 est:
406 2035 499 2069 ultae
526 2041 578 2069 est
607 2036 643 2071 C.
674 2036 888 2078 Gracchum,

224 2080 370 2124 eiusque
393 2081 526 2123 socios,
549 2082 666 2126 magis
693 2087 731 2116 ut
751 2081 889 2125 privato

222 2127 305 2172 odio
329 2127 563 2169 satisfaceret,
592 2140 699 2172 quam
729 2132 768 2162 ut
798 2128 886 2172 reip.

221 2173 447 2211 :maiestatem
494 2174 700 2209 vindicaret.
771 2175 886 2209 Valet.

223 2220 322 2256 Max.
348 2221 387 2254 V.
412 2220 447 2256 8.
473 2220 505 2255 1
530 2222 638 2256 Exuit
658 2226 815 2265 patrem,
847 2225 889 2256 ut

224 2268 397 2301 consulem
432 2273 577 2313 ageret.
624 2268 789 2312 orbusque
833 2269 888 2301 vi-

221 2324 323 2355 vere,
371 2325 475 2359 quam
513 2314 675 2359 publicae
711 2314 887 2348 vindictae

222 2358 342 2394 deesse
377 2361 514 2394 maluit.
555 2360 658 2394 Verbi
693 2362 779 2394 dare
816 2362 888 2394 ele-

221 2407 382 2450 gantiam
404 2407 622 2441 illustrarunt
639 2408 792 2440 Gronov.
804 2407 886 2441 obe.

221 2452 427 2488 II.15.et
456 2454 584 2488 Duker.
619 2454 663 2489 ad
696 2455 793 2487 Mor
826 2454 884 2487 lv.

221 2498 256 2533 2.
283 2499 339 2533 57.
365 2499 500 2534 Similis
524 2501 621 2534 locus
640 2499 735 2534 Livii
758 2501 884 2534 XXIV.

219 2544 277 2581 45.
301 2552 342 2580 ut
366 2547 442 2580 irae
469 2547 607 2592 magis,
632 2558 737 2592 quam
763 2547 885 2579 avari-

218 2592 315 2634 tiae,
356 2594 478 2626 datum
514 2594 691 2627 crederent
720 2593 883 2626 homines.

218 2637 354 2672 Seneca
374 2640 479 2673 Pater
498 2639 616 2674 Contr.
630 2636 695 2673 W.
707 2651 788 2684 pag.
802 2638 882 2673 298.

217 2685 348 2719 dedisti
371 2686 465 2719 istud
488 2686 674 2720 iactationi
698 2691 792 2720 tuac.
813 2686 884 2719 Lu—

217 2742 295 2766 can.
318 2732 377 2767 lv.
388 2731 482 2769 688.
509 2733 676 2767 Privatac
704 2733 767 2766 sed
792 2732 883 2766 bella

214 2771 329 2814 ‘dabat
354 2765 444 2814 Iuba
471 2779 623 2815 concitus
656 2779 744 2828 irae.
777 2778 886 2824 quod,

1223 1064 1243 1077 l

953 1109 1116 1142 monente
1151 1106 1236 1142 Tib.
1274 1105 1544 1142 Hemstcrhusio
1576 1104 1616 1140 in

952 1153 1174 1188 Adversariis
1195 1153 1298 1188 MSS.
1308 1153 1423 1187 minus
1446 1158 1540 1187 recte
1558 1151 1615 1185 in-

951 1201 1087 1235 tellexit
1112 1201 1333 1244 Oudendorp.
1366 1199 1533 1243 Quinctil.
1571 1198 1616 1232 X.

950 1247 984 1283 1.
1008 1258 1091 1291 pag.
1109 1245 1191 1281 508.
1206 1249 1286 1291 plus
1304 1247 1493 1288 stomacho,
1510 1256 1617 1291 quam

950 1295 1091 1327 consilio
1119 1294 1227 1328 dedit.

999 1340 1099 1374 GAP.
1123 1339 1215 1373 VIII.
1253 1342 1286 1383 ς.
1309 1339 1342 1373 1.
1370 1338 1490 1373 Porcio
1515 1337 1615 1371 Mar-

952 1386 1081 1430 cioque.
1104 1386 1170 1419 Ed.
1194 1397 1247 1429 pr.
1272 1385 1388 1420 Porcio
1406 1385 1616 1428 Martioque.

952 1432 1077 1465 Burm.
1107 1430 1346 1466 totam‘hanc
1385 1432 1429 1465 de
1464 1430 1615 1472 colonia,

951 1477 1116 1512 Narbone
1151 1478 1305 1520 Martio,
1339 1477 1522 1522 periodum
1545 1476 1617 1509 huc

951 1528 1046 1559 tran.-
1043 1526 1160 1559 iatam
1197 1528 1298 1569 putat
1333 1536 1376 1558 ex
1405 1524 1434 1560 Ι.
1458 1522 1514 1558 15.
1546 1532 1617 1557 non

949 1570 1182 1615 improbanda
1198 1571 1411 1605 coniectura.

1002 1618 1040 1651 G.
1070 1618 1178 1659 Cato,
1212 1618 1413 1652 consularis.
1443 1614 1503 1650 Sic
1537 1615 1616 1652 Ald.

952 1663 1038 1708 Nep.
1062 1663 1223 1698 correxit.
1249 1664 1314 1701 Ed.
1337 1675 1390 1709 pr.
1420 1663 1498 1696 Cos.
1518 1662 1618 1704 Cato,

952 1712 1153 1745 consularis.
1179 1722 1241 1754 pro
1265 1722 1335 1755 quo
1358 1709 1483 1744 Editor
1504 1708 1617 1746 Basil.

953 1758 1068 1791 male:
1097 1758 1144 1791 M.
1169 1758 1275 1802 Cato,
1301 1756 1500 1791 consularis.

1002 1804 1044 1837 lis
1065 1805 1138 1838 eius
1161 1805 1245 1838 1111.
1264 1805 1518 1838 aestimaretur.
1543 1802 1615 1836 Pro

957 1851 1030 1885 eius
1077 1850 1236 1895 Scaliger
1281 1851 1324 1883 de
1369 1850 1425 1883 Re
1470 1848 1616 1882 Numer.

955 1907 1039 1941 pag.
1067 1896 1123 1930 79.
1159 1902 1193 1930 et
1225 1896 1348 1941 Sigon.
1379 1895 1423 1928 de
1455 1893 1566 1928 Iudic.
1585 1894 1614 1927 1.

955 1942 1013 1976 27.
1037 1943 1194 1976 scribunt
1219 1943 1261 1976 ci.
1288 1941 1356 1975 Sed
1373 1944 1519 1984 utroque
1538 1951 1616 1974 mo-

953 1989 1000 2028 do
1021 1988 1112 2030 dici,
1135 1990 1231 2022 litem
1251 1989 1380 2029 alicui,
1403 1991 1438 2021 et
1453 1988 1548 2021 litem
1574 1997 1616 2020 a-

954 2035 1075 2069 licuius
1095 2036 1292 2077 aestimare,
1307 2032 1483 2077 exempiis‘
1499 2036 1615 2068 osten-

955 2081 1008 2116 dit
1030 2082 1209 2117 Drakenb.
1233 2081 1278 2116 ad
1302 2081 1378 2115 Liv.
1404 2080 1508 2115 XLV.
1525 2079 1582 2113 21.

994 2130 1166 2172 factaque
1199 2128 1248 2162 ad
1279 2128 1381 2161 consi
1377 2127 1456 2159 'ium
1482 2126 1616 2170 dirige-

955 2174 1049 2208 bant.
1090 2175 1114 2207 i.
1147 2185 1177 2207 e.
1218 2174 1261 2208 de
1296 2173 1400 2207 factis
1430 2183 1472 2206 ex
1502 2171 1615 2206 consi-

950 2220 1001 2255 lio
1035 2220 1197 2255 facientis
1227 2218 1519 2254 iudicabant.11.
1555 2217 1614 2252 3⁰.

952 2267 1123 2301 invidiam
1150 2279 1265 2301 rerum
1291 2278 1360 2300 urm
1376 2265 1424 2299 ad
1443 2275 1614 2305 caussam,

952 2315 1014 2347 sed
1039 2314 1087 2347 ad
1116 2314 1352 2354 voluntatem,
1384 2321 1614 2355 personasque

953 2360 1116 2404 dirigere.
1149 2361 1218 2393 Pro
1244 2359 1398 2402 dirigere
1426 2357 1498 2392 cic.
1531 2357 1615 2392 dicit

950 2409 1095 2449 referre,
1118 2417 1292 2440 revocare.
1317 2404 1403 2437 Vide
1426 2403 1615 2437 10.Schu1-·

950 2452 1038 2496 ting.
1065 2452 1108 2486 ad
1132 2453 1252 2486 Seneo.
1273 2451 1394 2484 Contr.
1413 2450 1440 2483 1.
1462 2461 1543 2494 pag.
1555 2449 1613 2484 89.

950 2497 1130 2533 Sententia
1169 2498 1246 2542 ipsa
1279 2496 1440 2531 convenit
1476 2495 1614 2540 legibue

949 2544 1141 2586 Βοιιιειιιὶε,
1164 2555 1275 2588 quae,
1299 2547 1337 2577 ut
1361 2543 1434 2576 Cic.
1458 2554 1523 2586 pro
1544 2541 1615 2575 Mi-

950 2592 1020 2626 lon.
1050 2591 1083 2625 7.

948 2635 1020 2679 zia,
1044 2649 1147 2682 quam
1176 2638 1287 2671 esitus
1313 2646 1428 2669 rerum
1455 2634 1615 2672 ‚vindica-

949 2685 1044 2719 bant.
1072 2683 1155 2717 Vide
1180 2684 1220 2721 P.
1244 2683 1431 2717 Pithoeum
1459 2681 1502 2716 ad
1521 2681 1612 2715 Con.

947 2729 1062 2776 Legg.
1094 2730 1185 2765 Mos.
1217 2735 1252 2764 et
1281 2730 1388 2764 Rom.
1428 2727 1456 2762 1.
1485 2727 1520 2764 7.
1552 2726 1614 2771 qui

948 2777 1020 2813 hoc
1043 2775 1170 2812 velleii
1197 2775 1276 2812 loco
1297 2786 1382 2812 usu·
1401 2777 1477 2818 ost,
1506 2776 1542 2810 et
1563 2773 1612 2808 H.

1111 2590 1179 2631 ait,
1204 2597 1278 2624 tam
1308 2589 1483 2623 hominum
1503 2588 1614 2622 consi-
1645 2590 1647 2593 ’
1711 2594 1716 2603 ’-
