1728 3054
135 1278 138 1280 ·
192 1278 215 1303 ,;
230 1271 324 1314 que
368 1270 507 1313 anno,

473 243 560 287 sc.
591 241 1307 302 VELLmrPATnnctJm

233 363 369 409 Coss„
393 367 636 418 quaeunt>
671 356 870 416 Pyrrhus
904 373 1096 419 regnare
1132 360 1308 420 coepit,
1342 361 1609 420 Sinuessam,

228 427 725 485 Minturnasque-missi
769 427 942 481 coloni;
983 436 1089 488 post
1129 429 1471 488 quadriennium
1515 433 1611 478 Ve-

230 498 412 543 nusiam.
461 495 786 553 Interiectoque
830 496 1030 554 biennio,
1079 497 1146 542 M.
1184 498 1322 543 Curio
1359 506 1404 544 et
1442 501 1610 545 Rufino

230 566 443 612 Cornelio
491 565 614 610 Coss.
662 565 838 610 Sabinis
879 566 973 610 sine
1018 565 1237 626 suffragio
1295 567 1400 612 data
1448 570 1612 618 civitas.

190 634 290 681 ⁴⁷Id
325 642 474 680 actum
509 641 611 679 ante
659 648 795 678 annos
828 634 971 679 ferme
1007 635 1225 681 CCCXX.
1274 637 1336 681 At
1370 636 1535 683 Cosam
1570 644 1614 683 et

184 739 187 743 f
230 705 440 749 Paestum
476 703 642 749 abhinc
677 718 813 747 annos
847 703 989 749 ferme
1023 710 1269 760 trecentos,
1313 705 1457 751 Fabio
1492 707 1614 752 Dor-

227 788 339 818 sone
374 779 419 817 et
463 771 657 818 Claudio
703 772 872 817 Canina
916 772 1040 818 Coss.
1084 774 1314 819 interiecto
1362 776 1616 836 quinquen-

232 842 330 896 nio,
376 842 647 901 Sempronio
694 841 858 900 Sopho
906 846 950 885 et
994 843 1149 901 Appio
1185 842 1322 889 Caeci
1357 844 1450 888 lilio
1486 845 1611 889 Coss.

228 910 505 966 Ariminum,
540 911 848 955 Beneventum
883 910 1033 955 coloni
1068 911 1206 964 missi3
1240 919 1283 956 et
1317 912 1519 973 suffragii
1541 914 1614 958 fe·-

195 979 362 1025 Srendi
395 979 672 1024 iusSabinis
708 979 876 1022 datum.
912 979 974 1023 At
1006 979 1130 1023 initio
1166 980 1298 1039 primi
1324 981 1434 1025 belli
1452 983 1614 1027 ‘Punici

232 1049 435 1094 Firmum
472 1053 516 1093 et
551 1047 756 1092 Castrum
800 1048 970 1092 colonis
1013 1056 1255 1107 occupata:
1301 1056 1346 1094 et
1387 1058 1491 1110 post
1533 1066 1615 1096 an·-

232 1133 342 1163 num
376 1117 602 1173 Aesernia,
638 1124 830 1176 postque
864 1117 1009 1161 XXlI.
1046 1133 1182 1161 annos
1216 1118 1433 1163 Aesulum
1455 1125 1499 1164 et
1525 1119 1613 1164 Al-

233 1187 371 1240 sium3
415 1187 749 1246 Fregellaeque
794 1200 909 1229 anno
952 1192 1056 1244 post
1090 1186 1338 1239 biennium3
1381 1189 1616 1247 proximo—

561 1255 797 1312 Torquato
844 1254 1205 1314 Sempronioque
1248 1255 1372 1300 Coss.
1416 1257 1616 1302 Brundi-

181 1370 184 1374 ,
234 1326 371 1381 sium,
417 1331 461 1368 et
495 1330 598 1381 post
630 1323 865 1367 triennium
898 1323 1175 1382 Spoletinum
1222 1318 1312 1382 quo
1350 1341 1464 1370 anno
1501 1327 1615 1370 Flo-

233 1394 396 1439 ralium
430 1390 644 1436 ludorum
691 1391 861 1436 factum
908 1398 972 1435 est
1018 1393 1202 1436 initium.
1258 1393 1453 1453 Postque
1486 1395 1615 1440 bien-

232 1463 355 1507 nium
391 1461 589 1506 deducta
623 1459 851 1515 Valentia,
889 1466 934 1504 et
969 1461 1054 1504 sub
1089 1461 1330 1506 adventum
1362 1464 1409 1508 in
1441 1464 1616 1516 Italiain

234 1530 520 1586 Hannibalis,
559 1529 782 1575 Cremona
817 1535 951 1588 atque
986 1530 1231 1576 Placentia.

236 1666 304 1709 sis,
344 1663 395 1700 sic
431 1663 619 1711 legendum
652 1667 746 1700 hunc
776 1667 894 1701 locum

236 1712 404 1747 exhibeo:
438 1714 494 1747 Ad
527 1714 682 1758 quintum
716 1714 822 1748 Fabio
849 1715 891 1756 Q

237 1759 324 1803 (fuit
363 1763 480 1793 autem
524 1762 568 1801 Q.
607 1760 759 1801 Fabius,
809 1765 895 1794 teste

236 1805 365 1848 Livio,
398 1805 578 1849 quinquies
618 1807 720 1841 Cons.
764 1806 894 1840 iccirco

236 1852 394 1896 quintum
421 1863 485 1895 pro
505 1851 624 1894 quinto
646 1852 895 1886 adverbialiter

232 1898 298 1940 ,hic
321 1897 471 1941 positum
495 1897 635 1942 opinor)
662 1899 764 1932 Decio
794 1899 894 1933 Mure

235 1949 361 1990 quarto
397 1944 495 1977 Cous.
530 1944 587 1977 Ad
617 1942 698 1985 hic,
737 1949 776 1978 ut
806 1944 890 1986 dixi,

236 2001 302 2045 pro
326 1994 364 2024 ut
387 1990 538 2034 positum
562 1995 633 2031 est,
673 1990 741 2025 nisi
770 1989 800 2024 si
832 1991 890 2025 cui

238 2036 404 2071 videatur
442 2037 487 2070 ad
526 2036 723 2071 Sinuessam
763 2035 891 2074 referri

239 2082 384 2124 debere,
415 2081 506 2127 quod
529 2085 647 2116 tamen
674 2094 741 2117 non
765 2087 819 2117 est
841 2082 890 2116 si-

238 2129 323 2164 mile
355 2139 449 2164 vero.
485 2128 659 2183 Fabioque
691 2141 753 2173 pro
781 2129 889 2169 Fabio

240 2176 283 2219 Q.
306 2173 459 2220 positum
480 2174 630 2218 videtur,
650 2186 719 2209 uon
742 2187 804 2219 pro
819 2175 891 2209 Fa-

239 2221 305 2256 bio
317 2226 353 2256 et
375 2233 454 2266 que
463 2221 713 2265 coniunctione.
743 2222 889 2256 Bonna.

236 2263 450 2323 Beqepimus
497 2263 748 2323 correctionem
793 2268 893 2304 Rhe-

236 2313 331 2350 uani.

276 2357 484 2406 CCCXXX.
509 2359 698 2406 Exemplar
715 2363 893 2395 vetustum

235 2406 346 2442 habet
368 2406 533 2446 CCCXX.
557 2406 702 2440 Βιιιιιςιι.

282 2467 316 2508 S.
338 2465 373 2500 ⁷.
407 2466 456 2499 At
491 2464 606 2504 Cossa,
639 2463 796 2507 Exempl.
829 2475 893 2499 ve-

235 2513 367 2547 matum
389 2510 518 2545 habeta
540 2513 598 2546 At
622 2511 720 2545 cosa.
744 2511 888 2545 Binum.

236 2558 327 2592 Cosa
349 2569 411 2601 per
433 2568 543 2591 unum
565 2569 582 2591 s
608 2556 738 2591 ¹rectius
766 2556 890 2590 scribi·-

234 2605 313 2644 tur,
335 2607 375 2638 ut
397 2603 492 2647 apud
522 2603 600 2638 Liv.
624 2603 717 2647 Epit.
740 2602 797 2637 14.
825 2604 890 2638 Co-

234 2649 354 2684 loniae
386 2650 556 2684 deductae
572 2678 574 2680 ,
592 2654 678 2685 sunt
702 2648 889 2684 Posidonia

235 2700 276 2730 et*
294 2695 395 2730 cosa.
429 2695 601 2730 Adiuncto
622 2695 809 2732 Posidonia
831 2696 890 2731 vel

234 2741 401 2778 Psoenun
440 2742 609 2785 ostendit,
650 2743 793 2777 Cosamss
817 2743 890 2778 Lu-

231 2787 378 2834 caniae.
399 2798 470 2827 uon
485 2788 612 2826 Cosam
631 2789 807 2834 Etruriae,
827 2788 888 2826 in-

959 1666 1187 1713 telligendam
1225 1677 1311 1703 esse.
1373 1667 1475 1712 Quae
1511 1667 1616 1701 urbes

960 1725 1065 1758 saepe
1103 1716 1379 1755 confunduntur,
1418 1720 1457 1748 ut
1498 1713 1558 1747 hic
1593 1724 1615 1747 a

961 1761 1104 1802 vossio,
1129 1766 1164 1795 et
1195 1760 1271 1804 ipso
1297 1761 1450 1794 Cellario
1483 1761 1616 1804 Geogr.

960 1807 1039 1840 Ant.
1085 1786 1191 1840 7121.
1238 1806 1433 1852 pag.576.
1481 1807 1615 1840 Eadem

960 1854 1044 1886 urbs
1070 1853 1214 1896 Compsa
1237 1819 1365 1886 (lingitur
1386 1854 1430 1888 11.
1453 1852 1510 1887 68.
1544 1853 1613 1886 Re·

961 1903 1017 1932 cte
1040 1909 1123 1932 vero
1149 1900 1270 1932 Cosam
1293 1898 1381 1943 legit
1402 1899 1523 1933 Editor
1541 1899 1615 1933 Ba-

959 1945 1013 1980 sil.
1061 1945 1132 1988 Qui
1177 1944 1396 1979 accusativus
1435 1945 1560 1988 pendet
1591 1955 1614 1978 a

957 1990 1075 2025 verbis
1099 1991 1343 2035 sequentibus,
1378 1992 1488 2025 colom·
1506 1992 1612 2026 missi.

1002 2060 1215 2102 Ariminum,
1247 2059 1493 2096 Beneventum.
1526 2059 1614 2094 Vide

954 2104 1129 2187 fggliger.
1157 2105 1274 2141 Anim.
1303 2106 1342 2141 iu
1372 2106 1502 2142 Euseb.
1528 2117 1614 2152 pag.

985 2211 1069 2290 fh
1071 2209 1107 2244 8.
1129 2209 1411 2301 EFregaeilgaegue.
1448 2208 1616 2264 Sigonius

959 2255 1227 2348 aFregisiiczequiets
1254 2302 1341 2336 Vide
1362 2255 1614 2336 egsndzoiiingdte

959 2349 1037 2382 Ant.
1072 2349 1141 2382 lur.
1174 2348 1253 2382 Ital.
1287 2348 1332 2386 11.
1355 2347 1390 2383 5.
1424 2359 1508 2393 pag.
1530 2347 1612 2383 41⁰.

958 2394 1044 2428 Mox
1078 2405 1167 2428 anno
1197 2398 1293 2430 recte
1333 2395 1500 2438 expunxit
1531 2393 1611 2428 Edi-

957 2444 1014 2475 tor
1037 2440 1146 2475 Basil.
1178 2440 1337 2484 quamvis
1371 2439 1518 2475 Heinsio
1534 2440 1614 2486 plu-

957 2487 1070 2521 cuisse
1091 2486 1260 2522 videatur.

1002 2544 1241 2579 Brundisium.
1299 2543 1387 2581 Vide
1431 2538 1611 2580 Drakeub.

955 2590 1001 2627 ad
1022 2591 1101 2626 Liv.
1123 2591 1216 2636 Epit.
1241 2589 1298 2625 19.

1002 2649 1152 2684 deducta
1196 2648 1368 2684 Valentia.
1415 2647 1510 2683 Edit.
1555 2658 1609 2692 pr.

956 2695 1080 2736 ducta,
1110 2694 1202 2750 quod
1236 2695 1358 2730 Editor
1379 2694 1487 2730 Basil.
1521 2694 1610 2729 bene

953 2741 1105 2778 mutavit
1135 2741 1172 2776 in
1202 2741 1369 2785 deducta,
1388 2740 1517 2778 trmtrn
1537 2740 1608 2815 de-

954 2788 1115 2826 tondente
1140 2787 1316 2826 Heinsio.-
1471 2820 1474 2824 ⁴
