1728 3054
447 202 752 246 ANNALES
793 198 1158 243 VELLEIAM
1390 202 1484 238 XLV

109 319 207 371 dum
234 317 367 358 locum
404 316 526 357 facile
553 315 687 356 tutari.
742 313 978 363 Immo,‘ne
1017 313 1097 353 alio
1133 311 1330 353 honorem
1365 311 1480 351 illum

110 375 278 417 Tiberio
306 374 488 414 habitum
516 386 540 412 a
568 371 665 426 caio
692 370 929 419 referamus,
956 374 1096 410 monet
1120 370 1211 424 ipse
1227 367 1458 420 Velleius,*

110 432 343 486 praefectos
376 429 667 483 provinciarum
704 436 844 466 omnes
879 426 1045 467 visendi
1079 426 1170 466 eius
1207 424 1267 480 (in
1293 437 1457 465 secessu

109 489 255 542 gratia
283 485 342 526 ad
370 496 466 526 eum
492 485 805 531 convenientes,
833 493 996 536 semper
1015 483 1184 536 privato
1212 482 1270 536 (si
1296 482 1367 522 illa
1393 494 1481 521 ma·

110 547 235 585 iestas
262 555 436 594 unquam
461 542 615 594 privata
644 537 743 593 suit)
770 540 922 591 fasces
958 552 1059 578 suos
1090 537 1355 588 submisisse,
1381 538 1481 590 sas-

113 594 262 655 sosque
295 611 410 646 esse,
448 598 578 637 otium
609 596 700 636 eius
741 595 988 635 honoratius
1031 596 1210 648 imperio
1243 603 1333 635 suo.
1388 592 1481 634 Hoc

113 658 249 709 itaque
285 653 469 706 exemplo
498 652 618 692 Gaius
654 651 776 691 etiam
811 651 890 703 ipsi
927 650 1093 691 Tiberio
1121 651 1256 690 fasces
1284 650 1482 691 submise-

113 714 187 763 rit,
216 723 388 763 eumque
413 721 489 763 pro
516 709 724 760 superiore
751 707 948 747 habuerit.
1007 707 1149 759 ltaque
1177 707 1385 747 Tiberium
1413 719 1482 747 sn-

111 769 312 823 periorem
339 766 500 818 agnovit
527 765 672 812 Gaius,
707 764 886 804 nondum
923 764 1061 816 elapso
1096 763 1330 804 tribunitiae
1364 767 1483 816 pote-

111 825 228 866 statis
253 822 545 875 quinquenni03
575 821 682 873 quod
708 825 845 860 tamen
863 833 968 860 anno
985 822 1084 862 753.
1105 819 1276 860 desiisse
1295 820 1393 861 alibi
1410 818 1481 874 **)

67 873 77 880 ’
110 881 375 934 probavimus.
422 878 598 918 Proinde
634 877 742 917 illius
784 878 878 916 anni
905 877 1029 917 finem
1066 877 1334 929 praecesserit
1361 888 1483 929 opor-

109 942 172 977 tet
198 935 402 988 expeditio
428 934 498 974 illa
526 934 613 974 Caii
638 933 837 975 Parthica.
894 933 963 973 Sic
990 937 1127 974 tamen
1167 932 1281 972 initia
1311 933 1381 973 illa
1408 933 1481 972 sti-

110 994 349 1047 pendiorum
390 1003 553 1031 snornm
590 991 792 1030 intellexit
827 988 1032 1041 Velleius,
1069 993 1116 1029 nt
1152 989 1284 1042 possit
1318 989 1481 1028 interim

110 1049 361 1090 verissimum
388 1060 479 1088 esse
507 1047 616 1100 quod
645 1047 758 1096 dixi,
799 1046 908 1086 aliud
935 1047 1064 1086 fuisse
1092 1045 1312 1086 eorundem
1341 1049 1384 1086 et
1411 1058 1483 1084 an-
1527 1050 1530 1052 “

112 1106 263 1158 tiquius
294 1104 473 1154 initium,
508 1105 559 1144 ab
599 1116 703 1144 anno
739 1110 868 1155 iisque
894 1105 990 1146 749.
1021 1102 1299 1155 repetendum.
1355 1102 1482 1143 Addit

45 1208 51 1213 ,
113 1163 222 1202 enim
256 1161 404 1201 deinde
435 1159 640 1201 Velleius:
668 1158 760 1214 ***)
802 1172 923 1213 quem
955 1160 1128 1200 militiae
1164 1157 1347 1212 gradum
1384 1163 1482 1198 ante

82 1228 84 1230 ’
111 1218 189 1258 sub
207 1223 335 1271 patre
354 1222 448 1266 tuo,
477 1216 537 1256 M.
563 1215 723 1265 Vinici,
753 1220 795 1255 et
821 1215 870 1255 P.
891 1215 997 1255 Silio
1021 1216 1260 1270 auspicatus
1282 1216 1327 1256 in
1351 1215 1482 1254 Thra-

114 1275 182 1315 cia
203 1272 555 1327 Macedoniaque,
582 1286 680 1312 mos:
698 1272 867 1312 Achaia
892 1272 1105 1326 Asiaque,
1134 1278 1176 1313 et
1190 1272 1394 1312 omnibns
1425 1270 1481 1310 ad

114 1329 321 1371 orientem
352 1330 455 1369 visis
485 1330 732 1383 provinciis,
780 1334 826 1368 et
863 1341 937 1369 ore
971 1335 1100 1383 atque
1140 1333 1317 1382 utroque
1352 1328 1484 1367 maris

113 1386 283 1426 Pontici
322 1387 481 1435 latere,
534 1385 649 1426 haud
693 1384 923 1425 iniucunda
956 1391 1018 1425 tot
1062 1398 1228 1433 rerum,
1280 1385 1479 1433 locorum,

112 1443 320 1496 gentium,
356 1442 543 1491 urbium,
575 1440 868 1482 recordatione
893 1443 1103 1494 perfruor.
1158 1442 1237 1481 llic
1266 1446 1380 1481 certe
1407 1441 1483 1481 mi-

111 1500 242 1540 litiam
277 1499 402 1538 habet
436 1499 577 1549 aliam,
613 1498 740 1538 initiis
771 1497 855 1537 illis
890 1498 1180 1550 stipendiorum
1217 1511 1380 1537 suorum
1407 1498 1482 1537 snb

115 1555 213 1594 Gaio
250 1553 425 1595 Caesare
461 1555 603 1607 positis
640 1555 930 1606 antiquiorem3
976 1560 1019 1594 et
1056 1555 1155 1594 satis
1192 1554 1321 1594 lax'am
1358 1554 1484 1604 illam,

113 1616 161 1651 ut
187 1610 379 1650 limitibus
408 1624 433 1650 a
459 1612 573 1650 nobis
602 1611 830 1651 constitutis
856 1611 1110 1663 respondeat.
1164 1610 1345 1651 Plurium
1373 1611 1483 1651 enim

114 1680 308 1707 annorum
348 1667 478 1707 fuisse
516 1681 686 1710 necesse
724 1672 809 1716 est,
858 1679 960 1719 quae
1005 1668 1080 1707 sub
1127 1667 1309 1721 pluribus
1348 1667 1484 1707 fuerat

112 1722 360 1772 Praefectis,
400 1727 444 1762 et
470 1723 512 1763 in
540 1724 720 1776 pluribus
749 1724 891 1763 itidem
918 1724 1145 1776 provinciis.
1201 1723 1342 1776 Itaque
1368 1723 1485 1763 initia

113 1779 401 1832 stipendiorum
428 1779 486 1818 ita
513 1779 734 1829 intellexit,
762 1784 808 1819 nt
834 1785 952 1832 puto,
982 1780 1183 1830 Velleius,
1218 1793 1300 1820 non
1328 1785 1374 1820 ut
1399 1779 1484 1833 pri-

111 1848 220 1876 mam
250 1835 417 1875 militiae
442 1835 660 1887 originem,
694 1837 768 1876 sed
796 1841 842 1876 ut
867 1837 1040 1877 mediam
1070 1838 1157 1877 eius
1183 1841 1340 1889 partem
1369 1837 1483 1890 prio——

112 1904 223 1941 rem,
263 1892 426 1932 vocibus
463 1893 544 1932 illis
578 1893 811 1944 designarit.
867 1893 955 1933 Nec
993 1906 1091 1933 sane
1127 1894 1366 1933 incredibile
1405 1897 1484 1945 est,

111 1948 155 1988 in
177 1949 258 1988 duo
285 1948 552 2000 quinquennia
579 1949 792 1989 distributa
826 1948 955 1990 fuisse
992 1950 1136 1990 decem
1174 1949 1245 1990 illa
1273 1950 1325 1990 ad
1353 1950 1483 1990 hono-

111 2016 181 2045 res
214 2005 437 2044 senatorios
474 2006 701 2045 necessaria
736 2006 960 2058 stipendia,
1004 2019 1243 2059 quamquam
1281 2007 1482 2047 neminem

111 2060 332 2100 habeamus
369 2059 498 2115 (qnod
532 2062 694 2114 quidem
726 2061 870 2117 sciam)
910 2068 1112 2115 veterum,
1161 2064 1230 2116 qui
1266 2064 1399 2104 verbis
1439 2063 1483 2104 id

112 2117 316 2170 expressis
353 2120 523 2158 testatus
561 2118 698 2159 fuerit.
754 2119 873 2170 Quod
910 2124 1046 2160 tamen
1087 2120 1124 2160 si
1155 2133 1295 2161 verum
1334 2120 1483 2169 fuerit3
1512 2157 1518 2162 .

112 2173 174 2214 sic
210 2173 324 2213 initia
360 2174 651 2225 stipendiorum
692 2176 824 2228 primo
861 2176 1153 2228 quinquennio,
1194 2177 1286 2217 finis
1326 2177 1483 2227 ultimo,

111 2229 266 2270 fuerint
291 2229 541 2281 assignanda.
598 2232 666 2272 Sic
694 2245 846 2272 annnoa
873 2233 1045 2272 militum
1072 2234 1298 2274 tribunatus
1326 2235 1368 2274 in
1396 2247 1484 2274 me-

112 2285 182 2326 dia
207 2290 323 2340 parte
359 2286 508 2327 divisos
537 2286 655 2343 ****)
688 2293 907 2329 semestres
942 2289 1138 2331 fecerant.
1204 2290 1274 2331 Sic
1312 2291 1485 2331 tributo-

111 2354 203 2382 rum
238 2343 521 2395 redituumque
565 2343 786 2385 locatidnes
834 2346 1109 2398 quinquennes
1147 2351 1273 2388 erant.
1338 2347 1407 2387 Sic
1443 2351 1487 2389 et

112 2410 350 2453 supremae,
386 2399 452 2442 vel
486 2401 687 2455 supremis
722 2402 951 2456 proximae,
986 2407 1238 2458 potestates,
1277 2404 1487 2447 censoriae

204 2601 247 2645 ια)
266 2600 352 2636 Van.
380 2601 443 2637 m».
470 2602 514 2637 11.
538 2613 613 2646 «ap.
636 2602 696 2640 99.

203 2645 397 2736 Ὡ)Ρνιῖῧί.
415 2649 535 2729 ϋΧιξΧίΙ
546 2650 732 2741 αὲῗμίῗι.
755 2649 897 2687 Adrlnn.
920 2652 956 2696 S.
978 2650 1037 2688 13.
1058 2650 1117 2688 21.
1136 2650 1197 2688 22.

204 2735 302 2783 Μ’)
322 2739 438 2779 Praei.
460 2741 537 2778 m
561 2742 607 2778 aa
628 2742 748 2789 Spart.
769 2742 912 2782 adrian.
933 2744 969 2788 s
990 2741 1027 2779 c.
