1728 3054
193 173 282 218 264
501 171 551 213 0.
592 164 872 213 VELLEH
902 169 1298 215 PATmtctJL!

154 286 242 332 81s
271 299 376 331 cum
412 285 648 341 exercitui,
693 285 773 345 qui
812 291 907 332 erat
937 285 985 330 in
1025 286 1291 346 Germania,
1333 293 1575 349 praeesset,

197 354 409 413 concepit
462 369 555 399 esse
601 354 833 411 hominm,
891 356 971 414 qui
1015 355 1129 400 nihil
1176 362 1356 416 praeter
1414 373 1576 405 vocem

195 423 490 481 membraque
523 422 744 468 haberent
772 423 1030 477 hominum3
1074 425 1244 484 quique
1280 425 1443 487 gladiis
1486 426 1577 471 do-

155 492 310 543 4mari
341 506 433 536 non
473 498 706 552 poterant,
747 508 881 553 posse
923 494 1019 538 iure
1047 494 1248 542 mulceri.
1319 495 1425 551 Quo
1463 508 1578 555 pro-

194 561 345 622 posito
401 561 599 606 mediam
647 562 871 622 ingressus
924 562 1213 621 Germaniam
1234 597 1248 621 ,
1283 611 1286 614 Δ
1322 564 1449 608 velut
1505 564 1576 609 in-

194 635 266 674 ter
316 627 436 675 'viros
483 631 608 690 pacis
664 631 912 692 gaudentes
966 630 1206 677 dulcedine
1226 655 1270 690 ‚>
1305 632 1579 678 iurisdictio-

195 698 355 757 nibus,
414 699 687 761 agendoque
729 715 818 762 pro
864 700 1074 746 tribunali
1120 700 1279 761 ordine
1295 733 1312 759 ,
1366 701 1580 748 trahebat
1652 703 1653 706 ’

195 767 373 813 aestiva.

336 835 473 886 CAP,
508 834 717 881 CXVIII.
752 836 815 881 At
841 835 929 893 illi,
950 831 953 833 ’
973 836 1100 896 quod
1137 837 1219 881 nisi
1256 839 1466 904 expertus
1505 838 1579 883 vix

198 904 358 953 credat
373 937 387 962 ‚
442 905 488 950 in
536 920 710 950 summa
752 904 931 950 feritate
973 905 1280 962 versutissimi,
1335 913 1580 967 natumque

197 974 437 1021 mendacio
480 989 649 1034 genus,
697 967 953 1019 simulantes
978 975 1107 1021 fictas
1147 975 1291 1020 litium
1329 977 1490 1034 series,
1533 981 1580 1022 et

197 1059 317 1092 nunc
355 1049 654 1104 provocantes
696 1044 809 1088 alter
848 1045 1038 1094 alterum
1067 1043 1250 1100 iniuria,
1285 1059 1404 1091 nunc
1437 1060 1580 1105 agen-

199 1119 267 1158 tes
306 1113 495 1173 gratias,
543 1112 670 1172 quod
710 1129 764 1158 ea
794 1113 1005 1158 Romana
1046 1113 1218 1158 iusticia
1257 1113 1428 1172 finiret,
1471 1114 1582 1158 feri-

198 1187 355 1240 tasque
384 1197 464 1226 sua
493 1183 691 1226 novitate
719 1182 977 1243 incognitae
1015 1181 1277 1242 disciplinae
1316 1183 1582 1240 mitesceret,

200 1257 246 1297 et
285 1244 414 1296 ‘solita
455 1251 586 1295 armis
620 1250 803 1297 decerni
839 1253 937 1297 iure
977 1251 1342 1310 terminarentur,
1383 1251 1430 1295 in
1459 1267 1583 1297 sum-

198 1336 323 1365 mam
353 1321 608 1366 socordiam
637 1319 892 1379 perduxere
929 1319 1218 1378 Quintilium,
1253 1334 1393 1378 usque
1422 1335 1501 1377 eo,
1533 1326 1585 1366 ut

200 1404 249 1434 se
287 1396 546 1449 praetorem
583 1389 805 1434 urbanum
842 1389 888 1435 in
939 1389 1043 1433 foro
1080 1388 1147 1433 ius
1190 1388 1366 1445 dicere,
1410 1403 1503 1434 non
1537 1390 1586 1434 in

201 1457 364 1503 mediis
392 1458 664 1516 Germaniae
697 1458 856 1503 finibus
888 1457 1100 1508 exercitui
1129 1472 1336 1517 praeesse
1367 1457 1586 1503 crederet.

159 1527 328 1578 2Tum
367 1527 564 1585 iuvenis,
620 1542 788 1587 genere
832 1528 1022 1583 nobilis,
1078 1542 1213 1572 manu
1251 1526 1402 1584 fortis,
1458 1541 1587 1572 sensu

204 1597 353 1655 celer,
405 1597 522 1643 ultra
564 1596 807 1643 barbarum
855 1601 1095 1658 promptus
1138 1595 1320 1658 ingenio
1337 1631 1351 1657 ,
1405 1598 1587 1642 nomine

251 1755 285 1800 §-
310 1751 346 1787 3.
381 1753 442 1799 qui
470 1753 559 1788 nihil
585 1757 727 1799 praeter
747 1764 865 1788 vocem

205 1800 425 1844 membraque
449 1803 516 1836 etc.
550 1800 627 1835 Liv.
651 1787 781 1836 XXIX.
805 1801 863 1835 17.

206 1847 249 1880 In
272 1846 334 1880 hoc
358 1848 477 1891 legato
508 1852 622 1882 vestro
655 1859 718 1881 nec
748 1848 864 1882 homi-

204 1893 260 1928 πίε
283 1893 465 1938 quicquam
496 1898 569 1936 est,
597 1898 739 1937 praeter
761 1895 865 1939 figu-

177 1950 284 1973 „ram
317 1944 352 1973 et
384 1940 543 1983 speciem.
574 1939 638 1973 ubi
671 1940 751 1974 vide
773 1941 867 1974 Dra·-

204 1985 395 2020 kenborch.

251 2034 285 2074 ἓ.
309 2031 343 2065 4.
376 2031 582 2076 agendoque
610 2042 674 2076 pro
698 2031 867 2066 tribunali

210 2079 342 2118 ordine.
385 2078 555 2122 Suspecta
588 2077 679 2112 mihi
709 2082 763 2113 est
796 2089 867 2113 vox

206 2125 341 2159 ordine.

254 2170 354 2204 CAP.
379 2170 533 2205 cxvm.
573 2171 607 2213 §.
630 2170 664 2204 1.
700 2171 759 2204 vix
792 2181 866 2204 cre-

206 2216 323 2252 debat.
347 2216 486 2260 Lipsius
510 2228 574 2260 pro
597 2217 760 2252 credebat
779 2216 867 2252 scri-

205 2262 275 2308 psit
297 2263 437 2305 credat3
462 2264 554 2307 quod
577 2263 705 2308 recepi.

214 2311 217 2314 ’
252 2320 424 2353 procaces.
470 2309 587 2352 Alias,
629 2315 865 2354 provocantes.

207 2354 379 2390 Rmfflsn.
406 2355 567 2400 Exempl.
592 2359 766 2390 vetustum
798 2367 867 2390 nou

209 2401 320 2436 habet
350 2413 531 2446 procaces,
565 2403 624 2436 sed
646 2407 772 2446 procat
794 2414 867 2436 aes.

208 2447 304 2481 Hinc
326 2448 510 2482 lectionem
542 2449 795 2494 marginalem,
828 2452 868 2483 ut

207 2494 352 2535 veram,
383 2494 420 2528 in
451 2494 610 2530 ordinem
639 2495 868 2541 redigendam

208 2544 304 2584 puto.
328 2541 470 2574 Bonan.

252 2587 398 2620 iniuria.
432 2586 572 2630 Lipsius
593 2587 750 2621 malebat
775 2587 869 2621 iniu-

208 2631 294 2674 riis,
325 2633 409 2676 quia
431 2644 514 2666 mox
547 2633 704 2677 sequitur
727 2645 798 2667 eas.
822 2628 868 2667 At

207 2676 274 2712 issa
296 2679 401 2712 lectio
422 2678 524 2713 fluxit
546 2680 593 2713 ab
616 2679 770 2714 Editoris
797 2679 868 2712 Ba-

207 2723 264 2760 sil.
302 2724 583 2770 interpolatione.
626 2725 718 2761 Nam
749 2725 868 2761 Editio

929 1764 984 1798 pr.
1005 1751 1136 1787 habetz
1169 1751 1261 1797 quod
1283 1763 1328 1786 ea
1351 1751 1513 1787 Romana
1535 1753 1588 1788 iu-

930 1799 1029 1834 stitia
1053 1799 1187 1843 finiret.
1233 1799 1405 1834 Neutrum
1444 1811 1488 1834 ea
1529 1810 1589 1833 re-

931 1851 986 1880 cte
1027 1844 1204 1879 femininis
1241 1844 1430 1890 subiungi,
1473 1845 1589 1881 notius

931 1895 1003 1933 cst,
1027 1902 1135 1935 quam
1157 1895 1197 1926 ut
1218 1892 1352 1926 moneri
1376 1892 1512 1926 debeat.

970 1940 1168 1982 feritasque
1216 1949 1282 1971 sua
1327 1939 1483 1972 novitate
1520 1940 1588 1972 etc.

933 1984 999 2018 vix
1030 1985 1106 2018 fero
1138 1983 1392 2029 tautologiam,
1432 1984 1589 2018 novitate

931 2030 1133 2076 incognitae
1158 2031 1369 2076 disciplinae.
1394 2030 1510 2075 Lege:
1527 2033 1589 2074 fe-

931 2078 1086 2121 ritusque
1122 2088 1188 2110 sua
1229 2078 1403 2111 suavitate
1433 2076 1590 2122 incogni-

933 2128 995 2158 tae
1024 2123 1230 2167 disciplt'nae
1270 2124 1474 2157 mitesceret.
1515 2123 1591 2158 Fa*-

934 2169 1002 2203 cile
1032 2173 1201 2213 apparet,
1239 2170 1418 2214 syllabam
1456 2180 1522 2203 sua
1551 2168 1591 2204 in

933 2216 1109 2250 suavitate
1162 2214 1390 2260 interceptam
1445 2225 1522 2250 esse
1566 2225 1590 2251 a

933 2261 1152 2307 praecedenti
1185 2274 1260 2304 sua.

979 2310 1181 2342 mitesceret.
1203 2307 1363 2352 Exempl.
1385 2309 1510 2344 vetunt.
1525 2307 1590 2343 ha-

933 2355 1013 2389 bet:
1037 2359 1249 2389 mutesceret.
1277 2355 1419 2388 Busan.

981 2402 1085 2435 solita
1108 2401 1214 2434 armis
1239 2401 1397 2434 discerni.
1422 2400 1493 2434 Pro
1517 2399 1592 2435 dis-

935 2448 1029 2481 cerm·
1060 2447 1153 2480 edidi
1179 2447 1337 2487 decerni,
1374 2451 1510 2480 secutus
1533 2445 1591 2480 iu-

935 2493 1066 2528 dicium
1099 2492 1270 2527 Gronovii
1308 2492 1395 2528 Obs.
1431 2492 1493 2527 111.
1531 2491 1591 2528 13.

934 2551 1016 2584 pag.
1047 2537 1131 2575 548.

982 2588 1016 2629 §-
1046 2586 1080 2620 2.
1115 2596 1216 2619 sensu
1239 2585 1339 2619 celer.
1373 2583 1418 2618 Ei
1442 2583 1591 2628 opponi-

934 2634 992 2666 tur
1022 2643 1124 2665 sensu
1154 2632 1255 2665 hebes
1294 2631 1387 2675 apud
1419 2630 1511 2664 Plin.
1541 2631 1591 2665 H.

934 2677 977 2713 Ν.
1003 2678 1078 2712 Vll.
1104 2677 1160 2712 16.
1185 2677 1347 2712 Neutrius
1369 2676 1439 2710 loci
1466 2675 1592 2710 memi-

933 2727 1035 2760 nerat
1065 2723 1260 2760 nox-vimus
1282 2724 1375 2769 apud
1396 2723 1591 2760 Burmann.
