1728 3054
207 191 285 235 xvi
610 181 1155 226 PRAEFATIO

208 300 355 360 prima
399 298 621 353 editione,
677 310 796 354 quae
843 295 902 339 ad
949 296 1076 339 unius
1115 293 1299 339 Codicis
1337 295 1594 354 exemplum

211 369 401 414 iormata
433 373 571 423 esset,
606 379 690 425 per
719 363 868 408 omnia
898 362 1149 422 sequenda,
1185 374 1405 422 summam
1433 360 1594 422 lectio-

211 437 275 481 nis
309 437 540 481 veritatem
571 448 787 492 quaerere
815 432 1046 477 statuisset.
1119 431 1188 475 Ne
1215 419 1592 505 orthographiam

210 505 415 564 quidem,
451 502 651 562 quamvis
677 517 812 562 saepe
843 501 1072 559 vitiosam,
1106 506 1280 545 mutare
1314 501 1446 546 ausus
1477 515 1593 556 sum,

210 581 352 629 recte,
393 579 442 616 ut
477 571 662 631 opinor,
697 571 912 626 iudicans,
946 571 992 614 in
1027 569 1266 629 scriptore,
1300 570 1379 630 qui
1413 584 1468 615 ex
1501 584 1593 614 uno

211 649 379 687 tantum
414 639 591 686 Codice
626 640 888 701 prodiisset,
934 638 1105 684 nullam
1150 638 1419 699 religionem
1461 653 1594 699 posse

210 711 390 756 nimiam
423 708 610 754 videri.
650 710 748 754 Nec
793 715 943 752 tamen
990 708 1052 752 ita
1094 722 1169 752 me
1201 708 1376 767 primae
1411 707 1594 753 editioni

209 779 335 837 quasi
376 779 421 822 in
463 779 715 824 servitutem
760 777 933 832 addixi,
980 782 1029 821 ut
1075 777 1459 826 emendationibus
1501 777 1594 823 sive

209 849 420 906 aliorum,
462 848 554 892 sive
601 847 731 902 meis,
774 851 867 890 tam
911 835 1092 904 liquidis
1133 853 1210 891 et
1221 847 1376 907 cerne,
1419 851 1470 892 ut
1513 845 1591 905 qni

208 917 404 973 dubitet,
440 916 631 976 stuporis
666 922 818 960 notam
853 915 1034 970 subeat,
1081 915 1233 961 locum
1268 915 1314 961 in
1346 920 1471 960 textu
1505 913 1592 981 de-

205 1000 435 1046 negarem.
506 986 628 1031 Tum
676 991 825 1029 autem
869 984 1113 1045 diligenter
1158 990 1283 1034 vetus
1335 985 1472 1030 lectio
1518 979 1590 1028 in-

206 1055 355 1100 dicata
395 1059 483 1112 est,
531 1060 602 1113 ut,
655 1055 733 1112 qui
777 1068 940 1098 novam
984 1054 1128 1098 minus
1162 1054 1351 1114 probet,
1405 1047 1593 1114 ingenio,

205 1138 285 1168 suo
331 1124 514 1168 fruatur.
593 1123 820 1179 Quoniam
862 1137 970 1167 vero
1016 1122 1076 1167 de
1118 1122 1270 1180 Iunta,
1313 1122 1589 1180 Vascosano‚

204 1199 249 1237 et
281 1193 469 1238 Editore
501 1192 744 1237 Basileensi
779 1192 931 1238 dicere
963 1192 1233 1252 incepimuS,
1269 1207 1360 1248 non
1393 1191 1587 1237 alienum

203 1261 401 1318 videtur,
448 1261 508 1306 de
555 1261 736 1320 reliquis
782 1261 939 1318 etiam,
993 1261 1071 1320 qui
1113 1261 1158 1305 in
1205 1261 1384 1307 Velleio
1426 1276 1588 1307 recen-

203 1330 343 1375 sendo
380 1331 671 1387 elaborarint,
706 1330 921 1376 iudicium
956 1336 1158 1376 nostrum
1190 1331 1489 1392 interponere.
1533 1330 1587 1374 In
1666 1336 1670 1342 '

201 1387 272 1443 his
317 1399 389 1443 alii
435 1399 608 1444 nullum
662 1399 759 1445 fere
804 1414 974 1459 operae
1025 1400 1220 1461 pretium
1262 1400 1486 1458 fecerunt„
1538 1405 1588 1444 nt

201 1468 483 1528 Schegkius‚
527 1469 729 1529 Popma,
775 1468 1017 1530 Gruterus,
1050 1469 1311 1516 Boeclerus.
1379 1468 1587 1525 Quorum

201 1545 498 1597 postremum,
545 1539 580 1582 si
615 1539 703 1583 mei
738 1553 807 1583 res
842 1538 1010 1583 arbitrii
1042 1539 1217 1595 fuisset,
1261 1538 1352 1583 hac
1387 1538 1586 1583 editione

201 1622 382 1667 prorsus
418 1607 725 1665 exclusissem,
760 1608 886 1667 quod
923 1607 1097 1652 dudum
1133 1607 1419 1668 explosa'est
1451 1598 1589 1651 a'vi·¹

199 1676 257 1720 ris
303 1676 470 1734 doctis,
522 1676 722 1736 inprimis
767 1692 794 1720 a
837 1676 906 1723 cl.
949 1677 1141 1722 Ernesto
1185 1679 1232 1722 in
1276 1675 1584 1738 pulcherrima
1657 1718 1659 1721 .

198 1745 478 1804 praefatione
523 1746 582 1790 ad
625 1739 843 1792 Tacitum‘
891 1762 1001 1807 pag.
1045 1745 1126 1790 49.
1183 1757 1340 1792 eorum
1387 1745 1583 1799 stultitia,

199 1814 277 1872 qui
319 1814 564 1860 Historicos
612 1816 797 1874 politica
845 1817 1014 1860 ratione
1057 1815 1413 1874 interpretentur.
1489 1813 1585 1862 Alii

200 1883 260 1927 de
295 1882 471 1927 Velleio
505 1884 738 1942 praeclare
772 1885 917 1928 meriti
951 1890 1072 1942 sunt,
1118 1891 1167 1928 ut
1199 1883 1452 1939 Acidaliu5‚
1485 1882 1581 1929 Pu-

198 1958 378 2007 teanus,
441 1952 640 2012 Lipsius,
701 1954 905 2010 Vossius,
967 1953 1187 1999 Heinsius.
1266 1952 1583 1999 Acidalianum

198 2036 364 2066 nomen
397 2023 525 2080 gravi
557 2022 722 2067 invidia
755 2023 959 2080 laborat,
1007 2021 1267 2083 praesertim
1312 2021 1440 2082 apud
1486 2035 1581 2078 eos,

198 2090 278 2148 qui
328 2087 440 2134 nihil
492 2090 538 2134 in
588 2092 801 2136 Veterum
855 2092 980 2137 libris
1035 2090 1325 2137 emendandis
1382 2090 1580 2154 ingenio,

199 2160 352 2204 omnia
394 2157 633 2205 MStorum
677 2161 956 2218 auctoritati,
1009 2161 1144 2206 tribui
1186 2161 1338 2206 velint.
1417 2161 1578 2219 Neque

200 2242 290 2288 ego
333 2228 614 2288 negaverim,
668 2230 948 2287 Acidalium,
1003 2230 1238 2276 iuventutis
1279 2234 1404 2276 aestu
1448 2229 1580 2274 abla-

197 2303 318 2353 tum,
361 2297 500 2341 multa
540 2298 586 2342 in
625 2300 739 2343 notis
785 2299 851 2344 adr
889 2300 1140 2356 Velleium,
1193 2312 1386 2358 quorum
1427 2297 1578 2359 ipsum

196 2372 355 2426 postea
387 2364 678 2425 poenituerit,
715 2367 936 2414 effudisse.
980 2370 1075 2415 Sed
1109 2368 1233 2414 idem
1265 2373 1335 2413 tot
1363 2362 1457 2412 tam
1492 2365 1578 2411 de-

196 2441 374 2494 sperata
417 2434 582 2480 Velleii
626 2436 808 2482 vulnera
855 2443 980 2483 tanta
1032 2437 1247 2483 felicitate
1289 2436 1480 2492 sanavit,
1525 2440 1577 2479 ut

194 2504 332 2550 facile
376 2510 620 2564 appareat,
666 2520 792 2563 eum,
838 2506 874 2550 si
918 2507 979 2551 ad
1011 2508 1310 2552 maturitatem
1342 2504 1576 2566 pervenire
1631 2514 1636 2515 ⁷

193 2573 431 2632 potuisset,
498 2574 714 2620 maiorem
767 2575 1164 2635 reprehensoribus
1215 2576 1303 2621 suis
1356 2573 1574 2637 Criticum

194 2642 393 2688 futurum
446 2640 591 2689 fuisse.
680 2643 906 2702 Puteano‚
959 2645 1185 2692 cultissimi
1236 2643 1404 2706 ingenii
1458 2642 1607 2700 viro‚'
