1728 3054
459 794 1155 842 1.1A.BURER11

257 921 326 989 P'
386 932 446 990 R
520 929 577 987 A
652 929 707 986 E
781 929 835 988 F
912 928 967 986 A
1046 929 1102 985 Τ
1179 927 1214 985 1
1291 927 1348 985 0

356 1213 435 1255 10.
499 1212 855 1255 ALBERTUS
920 1210 1263 1252 BURERIUS

281 1354 1333 1408 HlsToRIARUM

498 1492 1016 1531 AMATORIBUS
1086 1492 1127 1530 S.

130 1706 271 1779 Cum
304 1731 527 1779 Velleium
561 1734 678 1794 typis
712 1748 922 1780 excusum
955 1732 1177 1791 vidissem,
1210 1747 1315 1779 casu
1348 1734 1499 1793 inspe-

128 1808 203 1848 cto
243 1803 409 1848 recenti
453 1803 570 1847 libro
615 1805 901 1848 erratululum
933 1803 1167 1862 quoddam
1202 1802 1500 1862 deprehendi,

127 1871 417 1916 leviusculum
451 1871 634 1930 quidem
666 1871 803 1927 illud,
838 1872 920 1916 sed
954 1872 1071 1916 adeo
1105 1887 1196 1916 non
1229 1872 1353 1928 leve,
1386 1873 1497 1931 quin

129 1939 315 2000 dignum
364 1939 590 1985 videretur
646 1941 904 1989 observatu:
970 1947 1104 1999 atque
1155 1954 1210 1985 ex
1262 1939 1356 1987 hoc
1404 1955 1495 1985 uno

129 2007 288 2066 (quod
323 2008 475 2069 aiunt)
521 2015 697 2053 caetera
736 2010 886 2054 omnia
918 2016 1121 2069 spectare
1165 2009 1322 2068 coepi,
1364 2017 1496 2054 vetu-

111 2082 242 2120 sstum
284 2076 432 2122 Vellei
473 2078 680 2123 codicem
721 2094 749 2122 a
788 2079 855 2122 Io.
891 2078 1117 2123 Frobenio
1158 2085 1365 2138 repetens
1398 2079 1497 2122 ani-

130 2159 206 2189 mo
237 2145 496 2190 conferendi
530 2147 635 2191 eius·
703 2147 907 2191 Verebar
950 2147 1090 2203 enim,
1126 2161 1182 2191 ne
1216 2147 1273 2202 si,
1315 2147 1496 2191 reddito

130 2212 333 2269 Velleio,
374 2215 606 2274 quippiam
647 2215 695 2259 in
740 2222 831 2260 tam
873 2217 1082 2275 precioso
1124 2220 1280 2259 autore
1314 2215 1497 2260 deside-

130 2288 326 2337 raretur,
381 2291 643 2344 promptum
693 2298 784 2328 non
825 2284 958 2328 fuerit
1002 2283 1196 2329 eundem
1239 2284 1424 2330 cottidie
1471 2299 1499 2329 e

130 2349 407 2404 bibliotheca
448 2358 541 2396 tam
591 2352 838 2412 longinqua
894 2358 1111 2412 repetere.
1188 2351 1373 2398 Contuli
1412 2353 1499 2397 ita-

131 2433 222 2477 que
254 2419 479 2465 Velleium
513 2437 541 2465 a
575 2422 723 2480 capite
756 2421 914 2480 (quod
949 2421 1098 2481 aiunt)
1133 2436 1275 2479 usque
1309 2421 1369 2465 ad
1403 2422 1503 2466 cal-

134 2501 258 2543 cem,
291 2493 425 2546 atque
458 2488 551 2535 hoc
585 2490 682 2533 solo
715 2490 1011 2535 studiosorum
1044 2490 1251 2547 nomine,
1294 2504 1399 2534 cum
1431 2490 1503 2534 ni-

88 2595 95 2602 ,
134 2553 204 2599 hil
253 2555 374 2600 aliud
418 2564 691 2617 spectarem,
742 2574 880 2617 quam
923 2565 971 2603 ut
1021 2559 1242 2603 studiosos
1286 2559 1503 2617 obsequio

137 2622 403 2683 demererer,
435 2627 577 2686 iisque
608 2641 695 2688 pro
729 2643 832 2673 mea
866 2627 982 2673 virili
1010 2627 1297 2688 gratificarer.
1365 2628 1506 2674 Prae-
