1728 3054
208 227 268 271 56
510 223 558 265 C.
585 221 868 279 VELLEII
905 221 1305 267 PATERCULI

211 340 265 387 C.
297 319 535 385 Gracchus
567 338 615 382 iu
648 337 804 383 locum
836 337 1014 384 Tiberii
1046 339 1194 383 fratris
1220 339 1302 384 111.
1337 338 1480 385 virum
1513 355 1601 386 no-

213 409 481 465 minaverat,
528 421 632 451 eum
677 408 849 453 socium
893 409 1061 471 regalis
1096 408 1404 468 adsumpserat
1435 417 1602 469 poten-

177 477 329 533 stiae,
374 481 521 520 morte
563 475 733 521 adficit.
810 476 867 522 Id
911 492 1051 522 unum
1094 477 1265 522 nefarie
1309 477 1368 521 ab
1412 476 1600 538 Opimio

5 605 84 647 §ut
94 607 163 660 ηις

215 545 474 605 proditum,
519 545 646 603 quod
690 545 875 605 capitis,
920 562 1010 605 non
1056 546 1205 592 dicam
1250 546 1478 602 Gracchi,
1521 547 1602 592 sed

217 614 325 660 civis
357 615 555 659 Romani
595 616 793 676 pretium
836 631 883 661 se
919 616 1152 674 daturum,
1193 614 1481 674 idquessauro
1528 632 1606 662 re-

175 697 460 743 6pensurum
503 684 753 744 proposuit.
832 685 1026 731 Flaccus
1070 685 1116 729 in
1161 685 1411 742 Aventino,
1454 700 1606 730 arma-

216 758 287 798 tos
333 753 394 798 ad
437 768 643 814 pugnam
686 754 831 810 ciens,
876 769 980 800 curn
1025 755 1122 800 filio
1165 755 1336 799 maiore
1379 754 1605 815 iugulatus

218 827 297 867 est.
369 822 607 868 Gracchus
640 823 931 883 profugiens,
976 838 1080 869 cum
1113 824 1203 868 iam
1238 823 1606 883 comprehende-

215 896 340 936 retur
373 892 432 936 ab
469 891 543 951 iis,
592 907 707 951 quos
751 891 961 953 Opimius
994 893 1195 949 miserat,
1239 893 1460 939 cervicem
1504 894 1605 939 Eu·-

215 974 336 1021 poro
370 975 498 1007 servo
545 961 777 1021 praebuit,
823 962 902 1022 qui
945 977 1037 1006 non
1078 962 1258 1022 segnius
1302 977 1350 1006 se
1392 963 1606 1025 iP§9.„.i¹¹-

214 1031 417 1086 teremit,
454 1045 591 1089 quam
627 1031 813 1075 domino
847 1037 1139 1080 succurrerat.
1194 1031 1302 1087 Quo
1338 1031 1413 1076 die
1446 1032 1606 1092 singu-

215 1099 321 1144 laris
354 1100 601 1160 Pomponii
645 1101 803 1159 equitis
847 1101 1045 1146 Romani
1088 1101 1135 1144 in
1178 1099 1443 1145 Gracchum
1490 1102 1607 1147 fides

215 1168 316 1213 fuit.
385 1170 478 1225 Qui
513 1185 641 1214 more
675 1170 886 1226 Coclitis,
923 1168 1172 1216 sustentatis
1205 1169 1251 1214 in
1284 1175 1426 1229 ponte
1459 1169 1607 1215 hosti-

176 1237 297 1282 Tbus
321 1237 430 1295 eius,
453 1238 611 1299 gladio
632 1254 679 1285 se
703 1240 930 1284 transfixit.
966 1239 1033 1284 Ut
1050 1238 1225 1284 Tiberii
1245 1238 1448 1284 Gracchi
1476 1247 1607 1286 antea

215 1321 402 1366 corpus,
435 1308 500 1351 ita
535 1307 658 1365 Caii,
704 1309 817 1354 mira
850 1309 1116 1355 crudelitate
1145 1307 1392 1365 victorum,
1439 1308 1487 1353 in
1520 1309 1607 1354 Ti-

213 1374 356 1421 berim
391 1375 619 1422 deiectum
660 1382 740 1420 est.

353 1444 488 1490 CAP.
525 1445 627 1492 Vll.
672 1446 812 1489 Hunc
845 1444 954 1491 Tib.
990 1443 1194 1490 Gracchi
1226 1442 1380 1503 liberi,
1415 1445 1468 1490 P.
1505 1445 1609 1491 Sci-

213 1513 361 1575 pionis
396 1514 601 1560 Africani
634 1520 848 1575 nepotes,
882 1514 983 1559 viva
1015 1513 1169 1558 adhuc
1205 1519 1349 1558 matre
1380 1512 1608 1574 Cornelia,

214 1583 420 1629 Africani
459 1584 579 1640 filia,
624 1584 707 1628 viri
738 1584 921 1644 optimis
957 1583 1147 1644 ingeniis
1186 1582 1308 1627 male
1347 1583 1436 1639 usi,
1488 1585 1610 1630 vitae

215 1653 463 1711 mortisque
496 1653 700 1699 habuere
741 1654 921 1699 exitum.
993 1653 1087 1709 Qui
1125 1652 1162 1696 si
1198 1651 1379 1698 civilem
1417 1652 1611 1714 dignita-

214 1722 270 1766 tis
307 1723 620 1783 concupissent
656 1723 871 1781 modum,
905 1721 1128 1783 quidquid
1159 1721 1475 1767 tumultuando
1508 1723 1609 1768 adi-

261 1852 294 1898 §.
317 1853 352 1889 4.
385 1855 453 1890 111.
482 1855 596 1889 virum
624 1856 880 1896 nominaverat,
945 1858 1032 1890 tum.
1055 1854 1258 1899 Argutum,
1299 1854 1360 1889 scd
1395 1866 1518 1890 rarum
1553 1855 1610 1890 lo-

215 1912 295 1935 cum
311 1901 440 1935 socium
456 1903 590 1947 regalis
608 1903 684 1937 ads.
709 1903 811 1936 Haec
827 1905 881 1937 est
945 1901 1072 1945 quendi
1088 1912 1212 1946 genus.
1244 1900 1347 1934 Hunc
1368 1902 1464 1935 vitae
1480 1902 1610 1937 exitum

195 1948 310 1982 ·E‹1it.
343 1959 397 1991 pr.
429 1947 622 1992 scriptura,
663 1959 771 1992 quam
795 1948 880 1982 satis
946 1948 1091 1989 habuit,
1140 1946 1190 1980 sic
1235 1946 1346 1981 vitam
1384 1947 1526 1983 finivit:
1571 1953 1610 1984 at

214 1993 384 2028 vitiosam
424 1994 523 2039 peius
562 1995 719 2038 corrupit
758 1993 882 2029 Editor
945 1994 1036 2028 hunc
1060 1994 1180 2027 mortis
1202 1993 1332 2027 exitum
1363 1993 1508 2037 habuit,
1539 1995 1610 2029 hoc

215 2040 349 2083 Basa„
382 2051 447 2084 pro
482 2052 560 2075 eum
589 2041 746 2075 scribens
782 2052 879 2075 eum·
944 2040 1099 2074 violento
1143 2039 1266 2073 mortis
1320 2051 1448 2085 genere
1493 2041 1609 2085 periit.

216 2099 295 2133 quc.
341 2087 509 2131 Repone=
551 2099 652 2133 quem
691 2089 729 2122 C.
767 2089 879 2122 Grac-
947 2086 1050 2130 Quod
1084 2089 1290 2129 perpetuum
1316 2086 1353 2120 in
1387 2086 1444 2120 his
1474 2088 1608 2123 formu-

216 2134 301 2167 chue
346 2133 383 2167 iu
430 2134 540 2168 locum
590 2135 720 2168 'riberii
751 2134 882 2177 fratris
946 2133 991 2167 lis
1025 2132 1210 2166 discrimen
1243 2136 1306 2166 est·
1339 2132 1507 2176 Quinctii.
1540 2136 1613 2168 Do-

216 2180 438 2215 triumvirum
480 2181 713 2223 nominatum,
752 2181 882 2215 socium
947 2181 1054 2214 clam.
1077 2179 1183 2213 xvu.
1208 2178 1244 2213 3.
1269 2177 1350 2212 Νοη
1363 2180 1468 2215 habet
1490 2182 1611 2223 alium,

215 2227 351 2273 regalis
373 2227 592 2262 adsumserunt
610 2228 803 2272 potentiae.
947 2238 1053 2272 quam
1087 2226 1206 2259 mortis
1233 2225 1363 2259 exitum
1393 2227 1508 2270 filius,
1551 2228 1611 2272 qui

946 2285 1010 2308 nec
1031 2271 1250 2306 reconciliari
1276 2276 1410 2316 potest,
1450 2284 1514 2307 nec
1546 2274 1612 2307 ab-

949 2319 1074 2353 dicari.
1107 2317 1300 2362 Septimiu-
1339 2318 1383 2352 de
1423 2318 1468 2354 B.
1510 2319 1610 2354 Troi.

947 2365 1007 2400 lv.
1045 2364 1103 2401 24.
1138 2364 1365 2399 Percontatus
1394 2365 1523 2400 exitum
1542 2377 1613 2411 pa-

950 2417 1073 2450 ternae
1103 2411 1234 2445 mortis.
1262 2411 1421 2446 Macrob.
1468 2411 1545 2448 Sat.
1581 2411 1611 2447 Ι.

948 2459 1006 2494 11.
1042 2469 1128 2503 pag,
1150 2456 1232 2493 23⁸1.
1273 2457 1360 2491 Vide
1386 2458 1423 2491 in
1449 2458 1516 2492 hac
1531 2460 1612 2503 sor-

949 2510 1039 2540 tuna
1100 2504 1207 2538 etiam
1278 2505 1610 2548 magnanimitatem

263 2297 297 2338 ἓ.
320 2293 355 2331 6.
396 2301 562 2332 armatos.
597 2297 661 2331 Est
696 2308 738 2331 ex
765 2308 883 2332 corre-

218 2341 338 2376 ctione
379 2341 532 2378 Editoris
570 2343 683 2378 Basil.
721 2344 789 2379 Ed.
827 2355 882 2389 pr.

217 2393 390 2423 armatus.

262 2435 301 2469 in
318 2439 426 2480 ponto
448 2435 602 2470 hostibus
626 2435 718 2475 eius,
759 2436 883 2482 gladio

217 2491 255 2514 ee
279 2482 463 2526 transfixit.
488 2482 548 2516 Sic
567 2482 789 2516 distinximus
800 2494 883 2517 cum

215 2526 387 2564 pateam·
411 2529 478 2565 Ed·
497 2528 782 2575 9¹⁸·interpungit
802 2531 884 2575 Post
951 2553 1081 2586 exitum
1120 2550 1242 2584 mortis
1283 2551 1429 2585 ludibrio
1495 2554 1613 2596 raese-

216 2572 381 2608 lwstlbus‘
949 2602 1093 2632 rentem.
1130 2595 1218 2631 Vide
1254 2596 1410 2634 Gronov.
1486 2597 1538 2632 bs.
1575 2597 1612 2632 in

263 2642 365 2678 CAP.
387 2643 464 2679 vn.
488 2646 521 2687 §-
546 2644 581 2680 1.
619 2645 695 2681 Tib.
721 2645 882 2681 Gracchi.
949 2643 1078 2687 Script.
1103 2643 1236 2679 Eccles.
1259 2654 1335 2687 cap.
1360 2643 1405 2678 X.
1425 2654 1508 2689 pag.
1531 2643 1612 2679 106.

217 2688 286 2724 Ed·
311 2701 363 2733 pr·
398 2691 437 2725 C.
463 2691 637 2736 Gracchi,
676 2691 770 2737 quod
801 2703 883 2727 cor·
995 2691 1027 2725 si
1057 2689 1192 2723 civilem
1225 2689 1412 2735 dignitatis
1433 2691 1612 2735 concupis-

214 2734 308 2772 rexit
330 2736 440 2771 Aldus
462 2737 552 2782 Nep.
949 2741 1026 2773 nent
1047 2736 1187 2770 modum
1208 2739 1276 2770 otc.
1298 2735 1380 2771 Hoc
1401 2735 1451 2771 ita
1470 2747 1612 2781 expres-

265 2782 361 2819 vitae
399 2784 587 2831 mortisque
627 2783 795 2821 habuere
811 2783 885 2821 cxi-
949 2783 999 2821 eit
1020 2793 1097 2828 cap.
1119 2781 1283 2828 praeced.
1316 2783 1386 2826 Qua·
1416 2794 1495 2820 cum
1514 2793 1609 2818 sum-
