1728 3054
230 210 402 248 ΟῙιΧΧΝ
480 203 725 245 ennom
771 203 1350 248 MORGENSTERNH

230 320 482 362 immutatus,
509 313 555 369 *)
585 327 783 367 praeceps
808 315 851 355 in
879 315 1013 355 omnia
1040 315 1134 357 vitia
1163 317 1259 357 ruit.
1319 316 1363 358 ln
1393 330 1490 369 quas
1519 318 1615 357 olim

231 377 408 415 intentus
446 371 602 418 fuerat,
647 372 830 423 publicas
875 384 991 411 curas
1035 373 1115 413 iam
1162 378 1317 414 tantum
1357 387 1438 414 non
1475 387 1615 414 omnes

231 431 400 478 abiecit3
435 426 508 480 **)
538 427 716 468 liberalis
745 432 886 476 antea,
923 428 1077 476 iustus,
1118 443 1311 480 severus,
1347 443 1453 470 nunc
1484 431 1618 471 factus

231 492 295 527 est
323 496 462 537 rapax,
489 482 579 537 ***)
609 485 807 532 iniustus,
837 498 990 525 saevus.
1019 484 1141 542 ****)
1198 487 1281 527 Sed
1314 488 1442 537 magis
1482 487 1616 538 etiam,

232 555 350 595 quam
393 541 640 593 reipublicae
676 542 1087 592 administrationem,
1123 544 1292 585 mutavit
1329 556 1424 584 suos
1460 555 1616 591 mores3

230 605 272 639 et
301 599 370 650 qui
403 611 482 637 non
509 598 637 638 malus
667 599 718 638 ab
747 599 856 638 omni
890 604 1007 652 parte
1046 599 1258 653 princeps,
1296 601 1405 640 idem
1437 599 1518 640 iam
1545 599 1618 639 ho-

230 668 298 695 mo
327 655 405 694 fuit
433 655 643 706 pessimus.
690 655 798 696 Olim
828 661 1058 708 temperans
1086 670 1161 697 nec
1188 658 1334 697 oblitus
1364 657 1544 709 pudoris,
1564 653 1614 709 †)

231 716 323 764 post
352 724 557 751 secessum
587 713 628 751 in
659 711 880 764 Capream,
919 714 1146 753 immodicis
1174 727 1223 754 ac
1251 714 1439 754 nefandis
1471 726 1517 755 se
1546 713 1618 752 de-

231 769 292 808 dit
320 768 577 818 libidinibus3
609 768 691 824 -Η-)
715 770 828 809 .olim
856 770 1075 822 iniquitatis
1106 784 1152 810 ac
1181 772 1403 824 suspicacis
1432 769 1616 822 maligni-

232 825 331 866 tatis
366 838 463 864 suae
505 826 763 878 plerumque,
813 826 911 866 licet
948 827 1074 875 male,
1122 828 1417 877 dissimulator,
1459 828 1540 866 iam
1573 826 1617 866 in

231 895 396 928 omnes,
424 896 448 920 a
478 883 621 933 quibus
652 883 715 921 vel
743 883 954 922 minimum
982 884 1174 935 timeret,-
1211 898 1300 924 cum
1332 898 1384 923 ex
1418 883 1617 924 nobilissi-

230 940 305 978 mis
335 940 522 990 gentibus
552 939 774 986 Romanis,
813 944 900 979 tum
943 952 993 978 ex
1031 953 1103 979 sua
1131 941 1257 992 ipsius
1291 941 1466 992 familia,
1502 953 1616 980 acer-

228 996 332 1035 rime
360 996 498 1034 furere
529 1009 649 1034 ausus
677 1000 762 1043 est3
791 994 909 1050 †††)
941 1009 1016 1036 nec
1043 996 1129 1036 irae
1157 998 1314 1050 impetu
1341 998 1393 1037 ad
1420 997 1616 1037 crudelis-

228 1053 330 1092 sima
359 1065 542 1104 quaeque
571 1059 810 1106 proreptus,
841 1053 935 1102 sed,
974 1065 1053 1104 quo
1083 1053 1363 1093 detestabilior
1388 1054 1536 1102 fieret,
1573 1053 1616 1093 in

228 1110 277 1149 iis
307 1109 773 1161 machinandisingenio
807 1122 880 1148 suo
910 1111 1071 1149 abusus.
1131 1111 1191 1149 De
1221 1111 1404 1150 omnibus
1432 1110 1498 1149 his
1527 1122 1616 1149 sce-

227 1167 404 1215 leribus,
443 1166 628 1216 flagitiis,
674 1166 923 1217 parricidiis,
975 1168 1119 1218 quibus
1158 1167 1347 1208 Tiberius
1384 1167 1451 1207 vel
1484 1167 1616 1218 impe-

226 1224 331 1263 rium
363 1223 648 1270 confirmaret,
676 1223 740 1261 vel
770 1227 936 1262 naturae
966 1236 1088 1272 suae,
1118 1237 1263 1264 saevae
1292 1237 1339 1264 ac
1368 1223 1523 1272 lentae,
1553 1237 1616 1262 sa-

226 1280 462 1327 tisfaceret,
516 1280 557 1318 in
600 1278 759 1319 Velleio
799 1292 850 1318 ne
887 1280 1055 1318 verbum
1095 1281 1280 1331 quidem3
1329 1285 1399 1320 aut
1438 1281 1475 1321 si
1511 1293 1615 1331 quae

226 1336 426 1377 eiusmodi
455 1336 732 1387 significantur
761 1336 911 1385 magis,
943 1349 1062 1387 quam
1090 1343 1325 1387 narrantur,
1356 1343 1439 1376 tam
1469 1337 1614 1376 callide

224 1398 396 1433 tractata
425 1397 541 1442 sunt,
589 1396 635 1431 ut
675 1405 751 1431 nec
790 1391 980 1441 Tiberius
1017 1393 1059 1431 in
1095 1393 1218 1432 ullam
1248 1394 1390 1445 culpae
1419 1394 1614 1446 suspicio-

224 1463 316 1490 nem
348 1453 538 1497 vocetur,
577 1461 676 1497 nec,
719 1449 756 1487 si
784 1452 919 1487 tamen
949 1449 1140 1488 facinoris
1179 1456 1319 1489 auctor
1347 1450 1468 1489 facile
1496 1449 1615 1489 intel-

222 1508 397 1558 ligatur,
430 1505 579 1545 iniuste
608 1505 762 1544 sactum
796 1505 994 1547 videatur.
1052 1507 1120 1546 Sic
1147 1506 1200 1546 de
1230 1507 1435 1559 Agrippae
1470 1506 1614 1546 Postu-

224 1565 280 1605 mi
307 1576 428 1603 nece:
463 1561 659 1615 dignum,
688 1562 837 1613 inquit,
861 1561 1008 1602 habuit
1022 1563 1178 1614 furore
1200 1576 1279 1603 suo
1303 1564 1471 1605 exitum.

337 1621 416 1659 llic
448 1620 574 1670 igitur
602 1631 794 1658 accusare
827 1620 960 1670 possis
993 1618 1144 1659 Velleii
1172 1620 1466 1669 adulationem,
1505 1619 1614 1672 quod

223 1677 372 1726 herois,
406 1689 525 1728 quem
556 1676 771 1723 describit,
799 1676 970 1715 virtutes
997 1683 1216 1728 proponat,
1245 1679 1343 1717 vitia
1370 1678 1496 1717 oculis
1519 1679 1614 1716 sub-

223 1735 370 1774 trahat.
431 1734 570 1780 immo,
599 1734 667 1784 qui
694 1737 776 1771 tam
799 1733 949 1771 multus
977 1738 1040 1773 est
1067 1734 1108 1772 in
1137 1734 1306 1774 aliorum
1335 1735 1515 1774 moribus
1542 1746 1615 1774 no-

224 1792 380 1837 tandis,
411 1789 567 1828 Tiberii
595 1802 729 1827 mores
764 1802 815 1827 ue
840 1790 984 1828 sumsit
1013 1790 1175 1841 quidem
1207 1791 1284 1830 sibi
1310 1792 1612 1831 describendos.

225 1847 396 1887 Nonnisi
423 1850 473 1886 ut*
497 1846 761 1885 fortissimum
788 1850 832 1884 et
856 1846 1213 1896 prudentissimum
1243 1848 1387 1887 ducem
1418 1849 1538 1896 belli,
1568 1851 1614 1887 ut

227 1905 423 1958 optimum
475 1902 897 1956 sapientissimumque
943 1903 1190 1955 reipublicae
1244 1905 1469 1958 principem
1519 1917 1612 1944 eum

311 2094 349 2140 *)
375 2094 463 2129 Tac.
487 2093 574 2127 Anu.
601 2093 658 2127 IV.
683 2094 717 2127 1.
742 2094 810 2128 Dio
833 2095 929 2129 Cass.
952 2094 1073 2129 LVIII.
1096 2105 1180 2140 pag.
1202 2092 1283 2153 858.
1308 2094 1391 2144 866.

236 2145 242 2148 “
287 2143 373 2198 '**)
396 2152 482 2186 Tac.
507 2153 596 2186 Αιιιι.
619 2152 759 2187 1V.67.
785 2153 882 2187 Suet.
906 2153 989 2188 Tib.
1014 2152 1070 2186 41

237 2202 240 2204 ’
314 2211 391 2256 w)
415 2211 512 2245 Suet.
539 2209 621 2244 Tib.
647 2209 705 2245 49
730 2210 1011 2245 Ta0.Ann.V1.
1039 2209 1097 2244 19.

234 2258 243 2262 ,
313 2268 421 2313 ****)
446 2268 512 2302 Dio
537 2268 634 2302 Cas-s
659 2268 762 2302 LV.II
787 2279 870 2313 pag.
897 2267 979 2304 866.
1003 2279 1073 2312 seq,
1095 2267 1213 2301 LVIII.
1236 2266 1358 2300 multis
1379 2266 1488 2307 Iocis3
1519 2269 1586 2300 etc.

314 2327 359 2372 †)
387 2326 464 2361 Non
487 2337 596 2360 vanus
627 2329 746 2360 tamen
769 2325 860 2360 milii
882 2326 1021 2360 videtur
1043 2336 1183 2367 rumor,
1215 2336 1295 2358 eum
1317 2324 1389 2358 inm
1413 2324 1532 2358 Rhodi
1556 2334 1609 2357 se-

222 2375 334 2407 cretas
365 2373 529 2406 libidines
562 2371 779 2406 meditatum.
828 2373 928 2408 conf.
962 2373 1049 2407 Tac.
1083 2372 1171 2405 Ann.
1194 2372 1222 2405 Ι.
1248 2371 1282 2405 4.
1309 2371 1495 2404 Humanae
1516 2370 1610 2404 enim

216 2424 367 2454 'naturae
399 2418 660 2453 convenientius
695 2425 767 2459 est,
800 2419 984 2452 Tiberium
1012 2418 1047 2452 in
1079 2429 1216 2452 secessu
1247 2417 1433 2460 Capi-censi
1464 2417 1619 2465 repetita*

220 2466 365 2500 exhaus‘
347 2477 441 2507 ·‚1sse
475 2476 565 2508 quae
598 2465 734 2498 iuvenis
765 2465 954 2507 libaverit,
985 2476 1091 2508 quam
1123 2463 1214 2497 senis
1239 2464 1385 2497 demum
1417 2474 1531 2497 sensu
1541 2466 1617 2508 311-Ἰ

221 2516 340 2546 stasse.
389 2511 510 2555 Quid?
537 2511 628 2556 quod
661 2511 794 2545 indoles
825 2512 902 2545 eius
932 2523 976 2545 nc
1008 2511 1044 2544 in
1079 2522 1186 2553 puero
1210 2510 1349 2553 quidem
1375 2510 1496 2551 latuit,
1531 2509 1627 2553 per-

220 2564 337 2600 specta
360 2558 549 2593 Theodoro
572 2557 779 2599 Gadarene,
806 2557 1020 2592 Rhetoricae
1043 2555 1280 2600 praeceptori,
1299 2555 1374 2612 qui
1404 2537 1550 2590 subinde
1572 2555 1609 2589 iu

216 2605 438 2686 ⁸{piurf’gpndo
461 2616 542 2639 eum
565 2605 784 2648 appellabat:
808 2600 930 2650 πηλόν
954 2603 1086 2648 αἵματι
1109 2599 1384 2648 πεφυραμένον.
1410 2603 1487 2637 vid.
1509 2602 1607 2637 Suet.

254 2663 293 2697 Ρ
310 2707 380 2752 -Η-)
405 2707 502 2742 Suet.
525 2708 608 2742 Tib.
636 2707 713 2742 42-
725 2706 785 2742 45.
807 2707 894 2741 Tac.
918 2707 1007 2741 Anu.
1030 2706 1089 2740 vl.
1111 2706 1146 2741 1.

276 2766 404 2811 ·†††)
428 2765 525 2801 Suet.
546 2766 629 2802 Tib.
655 2766 725 2801 50-
736 2765 794 2802 56.
819 2765 878 2802 61.
901 2764 960 2800 62
984 2763 1131 2801 Tacitus
1154 2766 1188 2799 et
1210 2763 1279 2798 Dio
1303 2762 1444 2808 passim.
