1728 3054
205 2600 215 2612 ³
266 2590 337 2622 tur.

245 195 330 239 168

543 189 592 234 C.
622 188 898 232 VELLEH
936 189 1325 234 PATERcum

248 305 383 353 finita.
434 301 638 362 Lepidus
670 302 834 348 deinde
868 320 896 350 a
930 310 1084 351 senatu
1115 293 1256 350 hostis
1288 305 1506 353 iudicatus
1539 312 1616 364 est,

250 382 300 420 ut
334 377 435 416 ante
463 371 610 416 fuerat
639 371 869 418 Antonius.

384 438 517 484 CAP.
551 439 692 485 LXV.
759 441 881 487 Tum
908 441 1023 485 inter
1052 454 1179 497 eum,
1217 439 1544 500 Caesaremque
1573 449 1621 488 et

251 508 517 563 Antonium,
561 509 832 556 commercia
881 509 1189 569 epistolarum3
1241 516 1285 554 et
1316 510 1621 557 conditionum

251 576 371 621 iacta
412 575 605 633 mentio,
657 592 760 623 cum
803 579 1021 623 Antonius
1066 583 1111 622 et
1161 577 1348 623 subinde
1385 578 1622 624 Caesarem

252 644 538 702 admoneret,
582 661 718 704 quam
762 646 965 693 inimicae
1004 647 1091 706 ipsi
1133 647 1435 707 Pompeianae
1472 653 1622 707 partes

252 714 426 767 forent3
474 719 520 759 et
560 713 607 759 in
649 715 775 773 quod
822 716 912 760 iam
951 715 1228 760 emersissent
1274 716 1524 776 fastigium:
1577 721 1624 761 et

254 789 421 842 quanto
471 781 695 829 Ciceronis
735 783 882 828 studio
925 784 1090 828 Brutus
1137 783 1400 843 Cassiusque
1439 784 1623 829 attolle-

253 857 428 904 rentum
475 846 878 911 denunciaretque,
938 867 984 897 se
1023 866 1127 898 cum
1174 852 1318 898 Bruto
1365 852 1624 911 Cassioque,

254 921 335 979 qui
366 921 457 964 iam
490 919 652 967 decem
693 926 746 965 et·
769 926 941 980 septem
979 919 1210 980 legionum
1245 927 1449 981 potentes
1485 927 1625 976 erant,

253 989 505 1034 iunctarum
545 990 659 1036 vires
701 1004 825 1045 suas,
888 989 925 1033 si
971 988 1136 1034 Caesar
1183 988 1274 1034 eius
1319 997 1626 1050 aspernaretur

258 1057 568 1111 concordiam3
602 1057 874 1117 diceretque,
907 1057 1008 1118 plus
1040 1056 1279 1102 Caesarem
1302 1059 1455 1118 patris,
1490 1073 1627 1118 quam

219 1131 305 1176 2se
344 1126 476 1173 amici
511 1126 670 1170 ultioni
698 1125 877 1171 debere.

947 1126 1090 1186 Igitur
1131 1125 1238 1171 inita
1289 1127 1517 1187 potentiae
1551 1141 1628 1171 so-

257 1195 418 1250 cietas,
463 1198 507 1239 et
544 1194 844 1250 hortantibus,
889 1195 1204 1252 orantibusque
1239 1195 1524 1252 exercitibus,
1558 1195 1629 1239 in-

255 1269 326 1308 ter
367 1262 607 1309 Antonium
655 1263 788 1307 etiam
842 1267 886 1307 et
940 1262 1178 1308 Caesarem
1225 1263 1346 1309 facta
1402 1263 1629 1316 adfinitas3

259 1346 363 1380 cum
399 1335 512 1376 esset
539 1331 748 1396 privigna
778 1330 960 1397 Antonii
997 1330 1216 1394 desponsa
1244 1330 1436 1379 Caesari.
1504 1332 1632 1379 Con-

257 1484 299 1522 In
315 1485 408 1524 Edit.
428 1497 482 1531 pr.
505 1484 567 1521 hic
586 1486 687 1522 locus
709 1485 759 1521 ita
778 1484 911 1532 legitur

258 1537 295 1569 et
323 1531 566 1578 distinguitur:
595 1532 657 1568 sed
684 1533 813 1567 tribum·
830 1543 912 1566 san-

257 1580 366 1628 guine
395 1579 594 1623 commissa,
631 1579 832 1624 proscriptio
856 1577 913 1612 Gi-

258 1626 389 1660 cerom's
412 1626 468 1659 vel
491 1627 620 1660 satiato
638 1625 785 1660 Antonio
801 1635 913 1669 poena

248 1673 370 1717 finita.
415 1671 531 1715 Quam
557 1671 765 1716 scripturam
792 1669 914 1706 distin-

259 1717 481 1762 ctionemque
504 1717 625 1752 Claud:
661 1718 838 1752 Puteanus
863 1716 914 1750 sic

258 1763 429 1798 mutavit:
474 1764 535 1797 sed
576 1764 705 1798 tribuni
743 1763 915 1808 sanguine

259 1811 438 1845 commissa
465 1811 691 1853 proscriptio,
734 1809 915 1850 Ciceronis,

259 1856 356 1889 velut
377 1855 506 1888 satiato
535 1856 704 1896 Antonio,
738 1866 850 1899 poena
867 1855 916 1898 fi-

259 1901 349 1936 nita.
372 1901 557 1945 Perplacet
579 1901 668 1934 mihi
683 1901 800 1941 velut,
823 1899 916 1943 quod

259 1947 369 1982 etiam
394 1946 441 1982 11.
469 1946 527 1982 δῖ.
556 1957 636 1980 cum
661 1947 716 1980 vel
740 1950 916 1990 permuta-

261 1996 343 2028 tun
363 1995 402 2027 at
422 1992 734 2038 interpungendum
749 1992 818 2026 hoc
834 2001 915 2025 mo-

262 2038 327 2073 doz
365 2038 426 2072 sed
460 2039 592 2073 tribuni
620 2038 792 2083 sanguine
824 2049 916 2072 com-

261 2085 368 2120 missa
390 2085 603 2129 proscriptio,
630 2083 821 2126 Ciceronis,
844 2083 918 2117 vel-

263 2135 304 2165 ut
324 2131 454 2164 satiato
476 2131 622 2165 Antonio
645 2141 757 2174 poena
771 2157 780 2173 ,
794 2130 917 2174 finita.

262 2176 305 2212 In
341 2176 510 2210 Ciceronis
545 2176 700 2222 intellige
735 2176 918 2221 sanguine.

265 2221 343 2259 Liv.
369 2223 498 2257 XXIX.
529 2221 563 2257 9.
597 2234 658 2256 nec
685 2223 834 2256 satiatus
865 2221 919 2255 υἰ-

264 2279 384 2304 rorum
428 2279 565 2315 poena,
606 2268 793 2314 insepultos
837 2278 921 2314 pro-

266 2315 361 2352 tecit.

314 2381 414 2416 CAP.
437 2381 542 2418 va.
574 2383 608 2424 §-
630 2381 665 2416 l·
699 2382 796 2417 iacta
823 2393 921 2417 men-

265 2427 327 2464 tio.
349 2427 443 2463 Mihi
462 2427 598 2463 videtur
619 2428 690 2474 leg.
705 2431 810 2473 factu
825 2439 922 2463 men-

266 2475 326 2509 tio.
350 2475 497 2509 Boium.

311 2541 441 2576 Brutus
477 2542 679 2587 Cassiusque
724 2543 923 2578 attolleren-

375 2589 450 2622 Hos
479 2588 759 2623 adversariorum
791 2599 924 2623 sermo-

265 2643 329 2667 nes
358 2634 488 2668 refellit
514 2635 637 2669 Cicero
658 2635 751 2669 Phil.
778 2634 840 2669 XI.
868 2633 924 2668 14.

267 2678 527 2722 Animadverti,
553 2681 622 2715 dici
643 2681 715 2715 iam
736 2692 759 2714 a
787 2681 925 2725 quibus-

268 2725 364 2767 dam.
384 2726 544 2762 exornari
559 2727 666 2764 etiam
684 2727 926 2763 nimiumame

978 1485 1139 1527 Brutum,
1160 1484 1305 1520 nimium
1327 1485 1483 1521 Cassium
1499 1485 1630 1520 ornari.

977 1532 1041 1567 ubi
1057 1532 1178 1566 Cicero
1191 1543 1316 1566 ornare
1333 1532 1428 1574 dicit3
1440 1532 1532 1576 quod
1550 1532 1632 1565 Vel-

977 1578 1068 1614 leina
1083 1578 1253 1621 attollere,
1265 1577 1328 1613 ulii
1345 1579 1497 1614 evehere.
1515 1577 1631 1613 Tacit.

979 1625 1067 1660 Anu.
1092 1625 1152 1660 111.
1180 1623 1238 1658 72.
1262 1635 1338 1659 eum
1366 1625 1504 1658 Iunium
1529 1625 1633 1658 Blae-

979 1682 1074 1713 sum,
1105 1681 1233 1715 procos.
1275 1671 1437 1714 Africae,
1467 1669 1634 1714 triumphi

978 1717 1174 1763 insignibus
1193 1717 1375 1751 attolleret.
1401 1717 1547 1751 Pacatus
1564 1717 1634 1750 Pa-

979 1774 1062 1808 neg.
1087 1763 1151 1798 16.
1195 1762 1396 1807 Praefectus
1433 1760 1634 1796 attollitur?

980 1808 1220 1854 imponendum
1258 1814 1309 1844 est
1342 1808 1541 1853 provinciae
1575 1818 1634 1841 cu-

978 1860 1055 1901 put.
1101 1853 1220 1889 Etiam
1253 1854 1399 1899 simplex
1434 1855 1552 1889 tollere
1582 1853 1634 1888 sie

981 1900 1120 1935 dicitur.
1142 1900 1269 1935 Horat.
1289 1900 1317 1934 1.
1336 1900 1452 1935 Carm.
1469 1899 1497 1937 1.
1509 1899 1544 1934 8.
1558 1899 1634 1934 Ger-

981 1951 1038 1982 tat
1060 1946 1262 1991 tergeminis
1289 1947 1409 1980 tollere
1441 1945 1636 1980 honoribus.

981 1992 1095 2027 Tacit.
1113 1993 1200 2026 Arm.
1219 1991 1278 2025 Iv.
1293 1991 1327 2026 8.
1344 2003 1388 2026 ue
1403 2001 1509 2033 secus,
1531 2002 1636 2036 quam

983 2049 1084 2120 ῗιιωιη
1101 2038 1306 2084 sangninem
1319 2061 1331 2080 ,
1356 2040 1496 2083 foveret
1511 2048 1554 2072 ac
1570 2037 1637 2073 tol-

997 2096 1053 2120 ere
1072 2110 1082 2119 .

1030 2141 1202 2186 legionum
1222 2145 1390 2186 potentes.
1411 2139 1489 2175 Liv.
1507 2139 1638 2177 xxm.

984 2186 1041 2222 16.
1059 2192 1213 2231 potentes
1235 2199 1351 2222 rerum
1367 2197 1510 2222 suarum
1533 2191 1638 2232 atque

985 2234 1092 2268 urbis.
1115 2233 1176 2268 ubi
1196 2233 1275 2267 vide
1301 2234 1454 2277 Interpp.

1030 2302 1164 2336 ultioni.
1194 2301 1254 2335 Sic
1277 2300 1398 2336 Editor
1423 2298 1534 2335 Banu.
1561 2311 1640 2335 cor-

985 2347 1076 2382 rexit
1114 2347 1322 2392 scripturam
1358 2346 1453 2382 Edit.
1493 2358 1547 2391 pr.
1583 2348 1640 2382 ul·
1713 2366 1719 2375 2

985 2395 1090 2429 tione.

1034 2452 1068 2493 5.
1091 2448 1126 2483 2.
1149 2447 1235 2483 *tur
1254 2448 1344 2482 inita
1375 2448 1550 2493 potentiae
1577 2460 1640 2484 se-

989 2496 1105 2531 cietas.
1122 2494 1218 2528 Fort.
1236 2488 1357 2539 igitur.
1378 2496 1546 2530 Rursum.
1566 2495 1640 2529 Mi-

988 2541 1028 2576 hi
1072 2539 1211 2574 videtur
1247 2541 1318 2586 leg.
1363 2544 1437 2575 tum
1465 2542 1524 2576 vel
1559 2546 1640 2576 tuno

988 2587 1079 2622 inita
1102 2587 1279 2630 potentiae
1305 2587 1460 2622 societas.
1491 2587 1561 2622 Sed
1583 2587 1640 2621 le·-

989 2633 1059 2668 ctio
1077 2643 1191 2677 marg.
1211 2643 1280 2666 non
1305 2643 1550 2677 usquequaque
1570 2633 1642 2667 dis-

989 2678 1103 2724 plicet.
1128 2679 1269 2713 Bunnn.
1294 2678 1384 2714 Cum
1403 2679 1546 2716 Editor-e
1567 2680 1641 2716 Ba-

991 2725 1046 2762 sil.
1069 2725 1180 2771 igitur
1202 2724 1328 2770 recepi.
