1728 3054
437 186 746 232 ANNALES
775 182 1154 230 ‘VELLEIANI
1371 187 1487 232 xmx

105 315 199 346 esse
223 302 431 357 suspicor,
468 314 587 353 quam
614 300 785 341 fratrem
810 297 963 340 Velleii
1001 297 1186 350 Magium
1213 295 1483 340 Velleianum.
1551 299 1560 302 ’

104 361 277 413 Eritqne
296 360 409 399 ‘adeo
437 358 588 411 gentile
616 358 791 397 auctoris
827 356 957 396 nostri
992 368 1139 395 nomen
1167 355 1353 405 Magius,
1387 355 1488 395 Vel-

103 417 209 457 leius
237 413 483 456 adscititium
512 426 564 454 ex
592 414 809 466 adoptione
831 413 875 452 in
902 412 1099 452 familiam
1129 410 1342 453 Velleiam.
1378 410 1486 451 Con-

105 475 274 513 veniunt
311 478 446 514 tamen
481 471 539 510 ita
566 470 688 510 etiam
716 469 894 509 familiae
922 473 1108 523 tempora
1133 480 1227 509 eum
1253 468 1347 520 his,
1382 480 1486 522 quos

105 530 318 581 dedimus,
342 518 541 570 manubiis
568 526 697 579 ipsius
724 524 889 567 velleii.

251 673 295 731 §-
321 673 363 717 8.
394 669 652 714 Conveniunt
684 675 877 727 tempora
913 669 1044 712 etiam
1075 681 1335 730 coaevorum.

217 771 468 815 Conveniunt
495 773 670 824 denique
704 772 865 812 illorum
893 771 1017 812 etiam
1043 774 1252 825 tempora,
1278 784 1378 824 quos
1405 771 1485 817 sibi

105 843 274 874 coaevos
301 830 484 883 agno-cit
513 826 706 876 Velleius.
734 827 781 885 *)
811 827 1002 869 Maxime
1028 825 1198 884 (inquit)
1227 831 1363 869 nostri
1389 831 1485 870 oevi
1560 847 1561 850 ¹

105 889 260 940 eminet
302 886 499 941 princeps
548 885 780 926 carminum
835 885 1040 938 Virgilius
1087 885 1392 938 Rabiriasque,
1440 889 1484 926 et

23 943 26 947 “
105 941 350 985 όοπεοὸιιίηε
374 942 621 993 »Sallustium
644 940 813 991 Livius,
847 941 1115 995 Tibullus-que
1141 945 1184 981 et
1212 941 1362 993 Naso,
1383 954 1484 995 per-

95 999 405 1054 sectissz'mi‘in
425 1000 575 1051 forma
607 998 744 1052 operis
770 999 850 1038 sui.
905 998 1079 1049 Aevum,
1117 998 1160 1036 ni
1189 997 1334 1046 fallor,
1364 1011 1483 1039 suum

104 1067 130 1097 a
158 1057 241 1096 suis
271 1056 463 1105 deducit,
504 1055 557 1095 ad
595 1055 824 1103 minimum,
861 1054 1090 1094 natalibus.·
1129 1054 1261 1094 Altius
1289 1055 1387 1093 illud
1418 1066 1484 1094 ar·-

104 1125 265 1154 cessere
299 1125 383 1152 non
415 1112 558 1164 potuit.
613 1110 810 1163 Loquitur
850 1115 986 1150 autem
1015 1111 1068 1149 de
1105 1112 1263 1150 coaevis
1297 1112 1483 1162 mortuis,

105 1182 205 1223 quos
233 1166 322 1222 ipse
348 1173 492 1221 postea
518 1169 597 1207 iam
627 1166 883 1207 adhucvivis
920 1168 1097 1219 opponit.
1155 1167 1251 1207 Illos
1281 1180 1379 1218 ergo
1409 1175 1483 1208 co-

103 1237 223 1266 aevos
253 1230 414 1274 censet,
440 1224 508 1276 qui
534 1224 809 1278 post‘natales
838 1237 932 1264 suos
961 1225 1003 1263 in
1023 1223 1122 1262 vivis
1148 1236 1240 1263 esse
1261 1224 1483 1264 desierant.

102 1279 298 1334 Virgilius
336 1286 470 1321 autem
510 1286 554 1320 et
599 1281 783 1320 Tibullus
825 1281 896 1320 illo
933 1281 1022 1333 ipso
1061 1293 1165 1320 anno
1201 1281 1351 1320 mortui
1387 1284 1483 1321 sunt

101 1339 201 1381 785.
240 1348 358 1391 quem
396 1350 469 1377 nos
511 1337 686 1377 natalem
722 1336 882 1378 Velleio
927 1337 1008 1376 iam
1047 1337 1177 1376 fuisse
1211 1337 1480 1390 probavimus,

101 1391 239 1435 Unum
279 1393 531 1445 eundemque
571 1404 717 1448 annum
755 1394 916 1445 utrique
956 1393 1124 1433 fatalem
1167 1393 1319 1442 fuisse,
1359 1394 1481 1434 docet

102 1461 179 1492 nos
209 1450 406 1490 Domitius
428 1450 599 1489 Marsus.
633 1450 747 1490 Coss.
779 1450 886 1489 illius
919 1450 1013 1488 anni
1041 1450 1274 1489 Lucretium
1310 1449 1481 1490 Cinnam

104 1511 148 1548 et
176 1507 360 1546 Sentium
388 1506 645 1545 Saturninum
677 1506 807 1545 refert
835 1506 1035 1545 Eusebius
1066 1507 1108 1545 in
1148 1506 1373 1556 Chronico,
1414 1506 1482 1560 vel

102 1563 260 1616 potius,
288 1567 334 1603 ut
361 1563 542 1612 videtur,
577 1562 845 1614 Hieronymus
874 1575 898 1602 e
934 1562 1117 1601 Suetonii
1150 1563 1253 1602 libro
1287 1563 1339 1602 de
1375 1562 1481 1602 Poe-

103 1620 171 1660 tis.
217 1618 266 1670 Q.
294 1618 485 1658 Lucretio
520 1619 714 1670 collegam
750 1618 871 1657 alium
909 1619 1090 1670 adiungit
1119 1618 1298 1658 Donatus
1328 1619 1370 1658 in
1397 1620 1480 1659 vita

103 1673 287 1726 Virgilii,
325 1668 644 1714 asmancium.
685 1675 729 1714 ln
768 1687 871 1714 anno
897 1680 1031 1714 tamen
1070 1676 1187 1715 ambo
1217 1675 1480 1724 conveniunt}

102 1731 146 1771 iu
174 1742 224 1771 eo
251 1728 553 1779 tantummodo,
587 1736 634 1770 ut
659 1731 838 1779 videtur,
877 1731 1177 1784 discrepantes,
1213 1729 1321 1783 quod
1361 1732 1478 1772 Coss,

102 1787 242 1827 ambos
272 1787 492 1826 ordinarios
521 1787 680 1827 dederit
707 1787 992 1840 Hieronymus,
1017 1788 1232 1827 suffectum
1261 1789 1431 1828 alterum
1453 1801 1479 1828 a.

101 1843 292 1883 Kalendis
329 1844 634 1896 Septembribus
684 1844 756 1883 Cn.
792 1843 998 1883 Plancium
1049 1842 1239 1889 Tiberius
1283 1845 1478 1885 Donatus.
1557 1887 1559 1890 ,

101 1899 231 1940 Recte
259 1900 382 1939 etiam
410 1900 625 1939 committit
651 1899 922 1952 Hieronymus
957 1910 1049 1940 cnm
1089 1914 1193 1941 anno
1232 1902 1424 1953 Augusti,
1453 1913 1480 1940 a

100 1955 192 1996 Iulii
218 1956 405 1996 nimirum
432 1956 616 1995 Caesaris
646 1957 772 1996 caede
800 1956 929 1997 XXV.
966 1958 1034 2008 qui
1061 1957 1171 1997 idem
1200 1962 1264 1997 est
1292 1971 1384 1997 cum
1413 1970 1479 2007 eo,

103 2023 222 2064 quem
251 2011 445 2061 diximus,
474 2013 585 2051 urbis
616 2014 803 2052 nimirum
825 2012 1073 2053 Varroniano
1103 2016 1199 2056 735.
1229 2014 1369 2065 ltaque
1397 2026 1480 2053 non

102 2073 167 2109 est
193 2067 413 2108 audiendus
442 2068 615 2116 Idatius,
655 2070 722 2121 qui
763 2071 969 2121 sequentis
1010 2071 1103 2109 anni
1138 2070 1274 2123 potius
1304 2070 1480 2110 consuli*

100 2124 176 2165 bus
204 2128 376 2164 mortem
404 2126 546 2164 tribuit
573 2127 719 2177 poetae
748 2124 971 2165 clarissimi.
1028 2127 1146 2166 Diem
1174 2128 1296 2166 etiam
1316 2126 1480 2178 Virgilii

101 2181 365 2220 emortualem
401 2180 452 2221 X.
492 2181 578 2220 Kal.
617 2182 804 2221 Octobris
833 2184 957 2222 tradit
984 2183 1279 2235 Hieronymus,
1308 2183 1377 2223 XI.
1407 2196 1479 2222 au·-

101 2240 186 2278 tem
214 2237 380 2277 idatius.
410 2237 508 2277 lnde
536 2237 811 2290 intelligimus,
839 2250 915 2279 nec
943 2244 1036 2292 post
1064 2252 1211 2279 annum
1238 2240 1373 2287 illum,
1402 2251 1480 2278 nee

100 2300 283 2334 mensem
312 2293 551 2343 Octobrem,
583 2295 771 2346 diemque
804 2297 968 2343 mensis,
999 2297 1225 2348 quicunque
1255 2297 1418 2335 demum
1442 2295 1479 2335 is

99 2348 247 2399 fuerit,
295 2350 407 2389 nasci
442 2356 622 2390 nostrum
654 2353 836 2405 potuisse
872 2352 1086 2393 Velleium.
1153 2353 1291 2392 Serius
1330 2351 1480 2391 mortui

99 2410 195 2445 sunt
222 2404 509 2458 Livius'utque
537 2408 668 2459 Naso,
704 2403 777 2448 lv.
806 2409 994 2449 nimirum
1038 2408 1197 2448 Tiberii
1234 2420 1361 2456 anno,
1398 2418 1479 2459 quo

100 2471 245 2501 anuum
276 2464 360 2514 egit
386 2462 582 2514 Velleius,
611 2477 687 2518 pro
716 2466 879 2505 calculis
907 2467 1074 2513 nostris,
1102 2464 1296 2507 xxxvl.
1327 2465 1384 2504 Et
1413 2477 1480 2504 se-

99 2517 185 2558 rius
212 2517 383 2571 Virgilio
411 2519 622 2572 Rabirius,
671 2524 718 2562 ut
754 2522 925 2576 proinde
963 2523 1069 2566 nihil
1096 2521 1311 2564 conferant
1338 2521 1399 2562 illi
1425 2521 1480 2562 ad

191 2711 231 2758 ν)
251 2713 341 2750 vai.
365 2713 427 2750 ub.
449 2713 495 2750 11.
518 2724 594 2760 oep.
621 2713 682 2752 ao.
1160 2756 1199 2806 D
