1728 3054
226 189 312 228 206

531 184 578 224 G.
613 180 898 223 VELLEII
937 182 1328 226 PATERCULI

226 299 440 351 Deillius,
478 296 674 356 exempli
710 296 775 339 sui
809 301 965 353 tenax.
1002 304 1048 341 ut
1083 313 1110 341 a
1132 297 1373 343 Dolabella
1403 300 1462 344 ad
1486 300 1607 345 Cae-

228 367 402 426 sarem]
437 366 593 440 virque
627 365 916 423 clarissimus,
962 364 1043 410 Cn.
1079 366 1324 423 Domitius,
1370 370 1448 426 qui
1483 369 1605 414 solus

227 420 578 482 Antonianarum
620 434 840 493 partium,
884 449 1111 493 nunquam
1153 436 1356 496 reginam
1397 437 1480 481 nisi
1520 445 1607 481 n'o-

226 505 344 550 mine
380 504 605 558 salutavit,
650 503 844 547 maximo
878 502 925 549 'et
957 505 1194 564 praecipiti
1225 505 1430 566 periculo
1462 512 1608 551 trans-

226 574 343 627 misit
377 572 437 616 ad
472 571 723 617 Caesarem.

363 641 498 693 CAP.
530 639 758 686 LXXXV.
800 637 997 692 Advenit
1031 639 1195 684 deinde
1229 641 1411 689 maximi
1452 640 1610 686 discri-

231 710 360 754 minis
396 709 516 768 dies,
552 724 644 767 quo
676 709 840 754 Caesar
871 710 1180 766 Antoniusque
1211 709 1445 771 productis
1492 711 1610 755 clas-

232 779 396 834 sibus.
422 793 508 838 pro
554 779 696 822 salute
743 777 877 832 alter,
925 779 971 821 in
1010 779 1185 822 ruinam
1239 775 1351 822 alter
1392 785 1610 839 terrarum

195 853 223 894 2
235 849 353 893 orbis
391 847 673 892 dimicavere.

731 846 949 890 Dextrum
982 846 1159 891 navium
1192 847 1462 893 Iulianarum
1505 862 1609 892 cor-

230 931 291 962 nu
323 917 392 961 M.
428 917 567 961 Lurio
602 917 913 972 commissum,
956 915 1134 960 laevum
1174 907 1391 973 Amineo,
1434 917 1611 978 Agrip-

229 1061 354 1093 mutat.
389 1058 510 1102 Quae,
542 1062 677 1094 tantum
702 1059 820 1100 abest,
848 1061 891 1093 ut

231 1115 447 1148 supervacua
470 1109 531 1139 aut
557 1110 723 1149 corrupta
746 1105 828 1145 sint,
850 1108 891 1139 ut

230 1151 346 1196 potius
368 1152 592 1186 manifestum
625 1153 769 1185 lacunae
799 1151 891 1184 indi-

233 1198 331 1232 cium
359 1198 559 1241 praebeant.
612 1198 704 1232 Nam
737 1197 889 1231 Velleius

231 1244 328 1278 haud
374 1244 480 1278 dubie
526 1243 733 1287 scripserat:
791 1244 889 1278 Nam

233 1290 367 1324 Dellius
393 1291 539 1333 exempli
566 1291 620 1323 sui
647 1295 776 1331 tenax,
799 1294 838 1323 ut
863 1301 888 1323 a

233 1337 416 1371 Dolabella
441 1337 489 1369 ad
515 1337 693 1376 Cassium,
724 1347 746 1369 α
771 1336 889 1369 Cassio

236 1384 285 1417 ad
318 1383 524 1423 Antonium,
566 1383 618 1415 ila
655 1382 700 1415 ab
739 1382 890 1414 Antonio

232 1429 375 1464 transiit
413 1429 463 1462 ad
504 1428 700 1463 Caesarem.
763 1428 892 1461 Fateor

233 1475 395 1519 quidem,
418 1475 526 1509 verba
546 1475 594 1508 ad
614 1475 798 1508 Caesarem
820 1474 890 1507 hoc

233 1522 339 1556 modo
363 1521 417 1554 bis
448 1520 485 1555 in
516 1521 639 1555 eadem
663 1520 804 1564 periodo
829 1530 893 1564 po·-

233 1567 282 1602 ni.
315 1567 385 1601 Sed
415 1571 468 1601 tot
496 1567 605 1601 verba
633 1566 814 1600 interiecta
835 1566 893 1599 fa-

236 1614 305 1648 cile
339 1615 519 1647 medentur
551 1614 610 1647 vel
642 1611 892 1647 delicatissimo

235 1660 376 1695 aurium
410 1659 567 1694 fastidio.
610 1660 743 1693 Dellius
773 1664 893 1693 autem

235 1706 458 1749 scripsimus,
509 1717 577 1739 non
620 1706 776 1741 Deillius.
831 1703 892 1738 Sic

236 1764 319 1786 eum
350 1749 464 1786 vocat*
491 1751 680 1792 Horatius,
717 1762 786 1784 non
823 1750 893 1784 mi-

236 1810 303 1833 nus
325 1798 430 1832 huius
449 1798 645 1841 nebulonis,
662 1809 767 1841 quam
785 1797 894 1831 Plan·-

241 1844 295 1886 ci,
321 1846 413 1887 quod
437 1849 582 1887 uterque
603 1844 753 1887 Augusti
775 1843 894 1888 gratia

237 1891 406 1931 florebat,
446 1891 592 1935 insignis
630 1891 802 1924 adulator.
845 1889 892 1924 11.

238 1937 358 1971 Carm.
389 1937 424 1971 3.
453 1937 488 1971 4.
531 1936 608 1977 Sic,
641 1938 781 1979 praeter
810 1936 895 1971 Plu-

238 1984 402 2018 tarchum
441 1987 477 2016 et
516 1982 686 2024 Dionem,
727 1981 895 2025 Iosephus

238 2030 318 2064 Ant.
338 2030 412 2065 lud.
433 2029 523 2065 xlv.
544 2027 599 2062 15.
633 2037 713 2072 pag.
738 2028 818 2061 729.
851 2038 895 2060 ex

240 2087 310 2119 quo
335 2076 466 2109 Dellius
496 2086 559 2118 pro
584 2075 716 2108 Gellius
740 2073 896 2107 Pseudo-

239 2122 446 2166 Hegesippo
472 2122 499 2155 1.
523 2121 580 2155 30.
616 2120 767 2154 restituit
801 2120 895 2153 Gro-

238 2171 364 2202 novius
381 2169 527 2202 ObserV.
551 2167 587 2200 in
610 2167 736 2209 Script.
761 2166 896 2199 Eccles.

239 2226 317 2258 cap.
341 2213 400 2248 34.
431 2225 516 2258 pag.
543 2213 625 2248 268.
660 2212 813 2246 Dellium
838 2211 897 2245 hi-

239 2261 408 2296 storicum
438 2261 525 2294 dicit
550 2260 732 2294 Plutarch.
761 2258 797 2292 in
830 2258 898 2292 An-

240 2311 313 2342 ton.
341 2317 423 2352 p.ag
453 2307 535 2341 913.
564 2308 608 2340 D.
643 2305 736 2349 quod
758 2304 899 2339 Antonii

238 2320 447 2388 Partliicam
492 2352 747 2397 expeditionem
786 2350 898 2385 literis

239 2401 432 2435 mandarat.
478 2399 519 2433 Id
564 2411 626 2432 nos
667 2399 767 2432 docet
810 2408 899 2431 unus

239 2446 367 2480 Strabo
401 2446 462 2481 XI.
500 2455 584 2490 pag.
617 2444 698 2478 794.
727 2455 769 2477 ex
801 2449 898 2477 certa.

241 2492 440 2527 Casauboni
463 2491 718 2525 emendatione·
745 2486 795 2529 ἇίς
823 2502 896 2533 φη-

241 2549 278 2574 σι
311 2539 482 2581 Δέλλιος,
530 2534 551 2573 ὁ
590 2538 660 2573 τοῦ
701 2534 895 2571 Ἀντωνίου

241 2586 361 2629 φίλος,
385 2582 602 2629 συγγράψας
623 2583 691 2641 τήν
712 2581 772 2618 ἐπὶ
791 2584 897 2640 Παρ-

239 2633 404 2672 θυαίους
426 2631 620 2687 στρατείαν
641 2628 782 2670 αὐτοῦ,
807 2627 847 2663 ἐν
870 2622 897 2676 ᾗ

238 2679 365 2735 παρῆν
405 2678 469 2713 καὶ
510 2674 653 2717 αὐτος,
696 2673 895 2721 ἡγεμονίαν

239 2722 346 2771 ἔχων.
385 2724 490 2760 Hanc
527 2723 713 2759 historiam
747 2723 894 2766 Graece,

955 1070 1003 1093 an
1023 1059 1150 1094 Latine
1177 1058 1371 1105 scripserit,
1399 1059 1537 1094 tametsi
1558 1058 1614 1092 in-

955 1111 1090 1140 certum
1114 1109 1187 1147 est,
1220 1117 1243 1140 a
1273 1105 1397 1140 vossio
1419 1110 1536 1140 tamen
1557 1105 1612 1138 in-

957 1156 1011 1186 ter
1042 1152 1230 1186 historicos
1263 1152 1418 1186 Graecos
1449 1152 1612 1193 refertur,

955 1198 1013 1232 IV.
1036 1198 1093 1232 15.
1126 1199 1220 1232 Pene
1242 1198 1433 1240 exciderat,
1457 1208 1612 1231 errorem

956 1244 1129 1288 castigare
1152 1244 1331 1279 Torrentii
1361 1244 1406 1278 ad
1437 1245 1562 1279 Horat.
1585 1244 1611 1278 1.

954 1301 986 1325 c.
1010 1290 1182 1333 Dellium,
1205 1291 1613 1325 desultoremaebellorum

955 1336 1137 1377 civilium,
1169 1347 1192 1370 a
1220 1337 1339 1371 Dellio
1365 1337 1535 1370 historico
1560 1335 1614 1369 di-

945 1391 1096 1416 ·versum
1118 1381 1311 1416 statuentis.
1336 1383 1435 1416 Adde
1456 1381 1614 1427 Lipsium

956 1428 1001 1463 ad
1023 1428 1139 1463 Tacit.
1163 1429 1252 1462 Ann.
1275 1429 1302 1462 I.
1325 1428 1359 1462 6.

1000 1502 1148 1533 naxuta.
1193 1495 1329 1541 Opinoi·
1360 1496 1434 1543 legi
1473 1497 1613 1538 debere,

956 1549 1099 1578 natura.
1125 1544 1268 1578 Bumffl.

1003 1601 1071 1634 nisi
1098 1602 1234 1635 nomine
1261 1600 1442 1635 salutavit.
1472 1598 1617 1640 sueton,

959 1646 1059 1690 Vesp.
1084 1645 1140 1680 15.
1167 1648 1227 1692 qui
1247 1652 1282 1681 et
1309 1657 1481 1680 reversum
1508 1657 1544 1679 se
1574 1656 1615 1679 es:

960 1694 1063 1737 Syria
1085 1695 1195 1736 solus,
1216 1694 1356 1737 privato
1381 1694 1532 1734 nomine
1549 1692 1617 1724 Ve—

958 1740 1161 1783 spasianum
1185 1740 1416 1775 salutaverat.
1447 1738 1507 1773 ubi
1532 1737 1616 1772 vide

957 1785 1111 1830 Inter-pp.

1005 1843 1198 1877 transmisit
1232 1842 1282 1877 ad
1319 1842 1515 1876 Caesarem.
1554 1832 1615 1875 Li-

959 1889 1054 1934 psius
1086 1890 1261 1923 malebat:
1304 1889 1524 1922 transmisere
1567 1886 1617 1920 ad

965 1936 1159 1971 Caesarem.
1206 1939 1245 1968 ut
1293 1935 1464 1978 Amyntas
1509 1931 1618 1966 etiam

960 1981 1284 2026 comprehendatur.
1295 1976 1365 2014 Sed
1386 1979 1514 2014 centies
1530 1980 1618 2013 duo-

960 2028 1026 2061 bus
1050 2027 1257 2073 pluribusve
1279 2026 1477 2060 nominibus
1498 2024 1617 2070 singu-

961 2071 1094 2108 laribus
1127 2073 1285 2118 iungitur
1318 2073 1466 2107 verbum
1495 2071 1620 2116 singu·
1661 2092 1664 2094 -

962 2121 1047 2154 lare.
1092 2120 1260 2163 Exempla
1292 2123 1372 2166 supt
1402 2118 1494 2162 apud
1528 2119 1621 2152 Dra-

961 2167 1152 2203 kenborch.
1175 2166 1222 2200 ad
1244 2163 1321 2199 Liv.
1345 2164 1520 2199 XXXVII.
1535 2164 1594 2199 29.

1011 2235 1110 2270 cAP.
1145 2233 1314 2269 Lxxxv.
1347 2234 1382 2276 §.
1405 2233 1439 2268 2.
1465 2234 1518 2269 M.
1547 2233 1620 2268 Lu·

963 2283 1027 2317 rio.
1059 2281 1151 2315 Edit.
1183 2293 1234 2324 p.r
1276 2280 1327 2314 Μ.
1356 2280 1486 2322 Lario,
1526 2280 1620 2323 quod

963 2327 1114 2363 correxit
1137 2293 1215 2361 Ur}
1194 2337 1283 2360 inus
1306 2325 1352 2360 ad
1382 2326 1420 2362 h.
1443 2327 1469 2360 1.
1509 2331 1546 2360 et
1575 2327 1620 2360 do

963 2375 1092 2410 Famil.
1116 2373 1184 2407 Ro.
1217 2383 1300 2417 pag.
1323 2371 1405 2406 161.
1437 2371 1620 2416 Discrepat

965 2423 988 2455 a'
1028 2414 1164 2454 Velleio
1194 2418 1232 2452 in
1267 2419 1336 2452 hac
1372 2429 1412 2452 re
1445 2418 1621 2453 narranda

959 2466 1174 2503 Plutarchus
1195 2465 1275 2500 Ant.
1299 2475 1383 2510 pag.
1408 2464 1490 2500 946.
1509 2466 1551 2499 A.
1595 2466 1598 2470 '

1005 2534 1163 2569 Arantia.
1203 2533 1298 2568 Edit.
1344 2545 1396 2578 pr.
1434 2533 1619 2576 Adrzmtio,

959 2581 997 2615 in
1029 2592 1099 2627 qua
1130 2581 1200 2614 hoc
1232 2591 1359 2614 nomen
1383 2592 1518 2624 semper
1541 2591 1620 2613 cor-

960 2633 1103 2671 ruptum
1126 2638 1163 2660 es
1165 2631 1197 2667 t,
1221 2631 1260 2661 ut
1281 2627 1327 2669 Il.
1335 2626 1403 2660 77.
1427 2627 1464 2660 in
1487 2629 1620 2661 Atran-

959 2674 1059 2716 tium,
1083 2673 1127 2707 11.
1155 2672 1214 2706 86.
1239 2673 1276 2707 in
1299 2673 1453 2707 alorunt.
1477 2672 1548 2708 Hic
1574 2671 1620 2706 il-

927 2771 933 2785 Ι
958 2720 1022 2755 lud
1043 2718 1194 2755 restituit
1217 2718 1343 2755 Editor
1362 2718 1475 2756 Basil.
1526 2742 1529 2745 κ
