1728 3054
230 211 358 247 cnxu
490 203 736 247 GAROLI
784 202 1363 247 MORGENSTERNH

230 319 379 365 rebus,
419 327 590 368 quorum
625 314 741 355 testis
769 312 962 366 idemque
1001 315 1154 356 arbiter
1191 315 1235 356 in
1274 317 1413 369 paucis
1447 318 1622 361 idoneus

230 375 412 427 ¹Velleius
455 373 556 421 fuit,
607 382 727 411 nemo
764 371 996 423 intelligens
1037 373 1161 414 fidem
1182 374 1239 413 -ei
1276 374 1505 426 denegabit.
1572 377 1622 417 In

230 431 395 484 proeliis
434 427 644 467 Tiberium
683 428 872 468 fortunae
911 429 1151 483 casibusque
1179 430 1388 472 minimum
1417 432 1621 484 tribuisse,

229 485 446 527 Suetonius
474 498 561 537 cap.
591 488 659 527 19.
691 485 918 525 coufirmat.

343 542 389 582 Π.
419 544 491 584 99.
549 540 658 581 Toto
696 541 776 581 hoc
813 541 947 594 capite
987 542 1134 582 callide
1172 542 1361 595 loquitur.
1422 543 1621 586 Secessus

229 599 337 638 enim
379 597 451 638 ille
489 611 612 650 quum
653 603 834 638 extremo
850 599 1052 652 'tempore
1083 599 1250 640 Tiberio
1279 600 1398 640 valde
1426 602 1621 642 molestus

228 655 376 695 fuisset
405 653 598 709 (Sueton.
626 654 720 696 Tib.
751 658 818 698 ll.
850 656 942 707 12.)
984 661 1106 708 atque
1143 657 1246 696 adeo
1284 670 1364 697 non
1392 657 1623 698 honoratis-

228 712 376 760 simus,
415 716 460 750 ut
495 712 614 762 (ibid.
646 725 733 764 cap.
766 713 853 763 12.)
887 719 987 754 tunc
1015 725 1098 752 non
1122 714 1340 767 privatum
1368 714 1513 766 modo,
1545 714 1622 754 sed

228 770 356 808 etiam
385 767 594 822 trepidum
624 774 666 808 et
696 768 918 808 obnoxium
948 771 1103 822 egerit,
1144 769 1467 810 mediterraneis
1502 773 1622 823 agris

228 824 419 875 abditus,
479 826 702 879 vitansque
745 827 1207 879 praeternavigantium
1261 828 1424 881 officia,
1474 828 1622 880 quibus

223 882 574 935 frequentabatur
614 881 807 928 assedue;
850 884 1096 923 contemtior
1136 883 1180 922 in
1221 883 1335 932 dies,
1375 889 1417 924 et
1447 884 1621 924 invisior

227 939 337 990 (cap.
384 940 501 990 13.):
546 938 729 980 Velleius
768 939 1035 990 omnicunque
1093 939 1249 979 honore
1295 941 1490 980 decorare
1535 946 1620 983 stu-

227 995 299 1034 det
339 995 486 1046 otium,
525 996 640 1036 cuius
678 995 872 1035 memoria
915 996 1080 1036 Caesari
1116 1008 1198 1045 non
1233 1009 1329 1038 sane
1357 1001 1499 1050 posset
1528 1011 1620 1037 esse

227 1053 415 1094 iucunda.

342 1108 406 1148 Ne
451 1107 539 1159 quis
576 1120 760 1148 secessus
799 1107 1009 1153 Tiberiani
1057 1121 1264 1160 caussam,
1309 1121 1430 1160 quam
1469 1107 1622 1149 Noster

227 1169 536 1215 commemorat,
585 1178 661 1217 per
706 1163 977 1205 adulationem
1019 1165 1192 1214 ceteris,
1241 1179 1345 1217 quae
1383 1165 1622 1217 afferuntur,

227 1223 380 1262 caussis
411 1222 633 1273 praelatam
662 1222 902 1269 arbitretur,
941 1222 1112 1262 eandem
1151 1236 1175 1262 a
1216 1223 1344 1262 Dione
1384 1222 1497 1262 Cass.
1529 1221 1620 1263 va.

226 1291 318 1332 pag.
340 1278 443 1320 ’Ἴδα
485 1277 735 1317 verissimam
771 1277 962 1326 iudicari,
998 1279 1155 1318 monuit
1182 1279 1460 1321 Ruhnkenius.
1519 1278 1619 1318 Mo-

227 1335 302 1375 dus
352 1339 486 1374 tamen
523 1334 763 1374 narrationis
801 1333 1028 1374 adulatorie
1067 1337 1271 1386 quaesitus
1311 1335 1411 1375 mihi
1446 1335 1618 1374 videtur.

227 1392 352 1431 Certe
393 1391 593 1430 calliditas
630 1392 709 1431 ista
739 1390 897 1430 'liberii
925 1391 1097 1431 dicenda
1126 1405 1208 1431 uon
1236 1395 1325 1432 erat
1353 1392 1463 1431 mira
1493 1405 1619 1445 quae·
1671 1418 1684 1429 κ

226 1447 327 1489 dam
373 1452 415 1486 et
455 1442 714 1487 incredibilis
760 1453 888 1500 atque
934 1447 1230 1490 inenarrabilis
1258 1448 1412 1502 pietas.
1486 1448 1618 1488 Aliam

225 1518 322 1545 vero
354 1517 537 1544 caussam
566 1504 715 1544 afferre
744 1515 825 1542 non
856 1504 1012 1556 potuit,
1043 1505 1078 1544 si
1107 1505 1270 1556 quidem
1295 1504 1492 1554 Tiberius
1523 1518 1619 1545 ean-

226 1561 322 1602 dem
351 1561 441 1614 ipse
479 1561 690 1612 prodidit.
691 1559 743 1613 *)
802 1561 891 1600 Hoc
922 1561 1059 1611 enim,
1100 1562 1209 1613 quod
1249 1561 1302 1603 ad
1337 1566 1452 1602 recte
1489 1562 1618 1601 aesti-

226 1618 415 1658 mandam
453 1617 603 1659 Velleii
637 1619 680 1657 in
717 1617 883 1668 singulis
922 1618 1046 1658 re'bus
1091 1619 1216 1658 fidem
1257 1630 1337 1659 non
1382 1618 1495 1670 parvi
1531 1631 1617 1677 mo-

226 1675 354 1715 menti
385 1688 477 1714 esse
505 1688 625 1723 reor,
664 1675 922 1717 statuendum
951 1675 1133 1715 videtur:
1169 1675 1327 1715 nullam
1355 1687 1470 1723 rem,
1508 1688 1618 1727 quae

225 1732 301 1772 sub
335 1731 500 1771 Tiberio
531 1732 744 1779 evenerit,
775 1732 902 1771 aliter
931 1730 981 1771 ab
1012 1732 1084 1771 illo
1113 1744 1206 1772 esse
1234 1737 1464 1786 narratam,
1495 1744 1618 1785 quam

226 1788 283 1830 de
313 1801 365 1828 ea
396 1787 583 1828 iudicari
610 1788 715 1828 velle
748 1785 972 1828 Caesarem
999 1789 1139 1828 sciret.

338 1856 511 1896 Luctum
540 1855 711 1894 civitatis
740 1855 792 1894 ob
822 1867 1025 1894 secessum
1054 1856 1178 1895 istum
1195 1855 1330 1895 verbis
1356 1855 1518 1907 quidem
1543 1854 1617 1894 im-

226 1912 386 1952 modice
416 1912 555 1977 augeri
588 1915 709 1964 puto;
749 1911 903 1961 fingere
933 1924 1038 1962 nego
1067 1911 1291 1952 dicentem:
1331 1925 1456 1966 quam
1479 1924 1617 1965 paene

227 1970 270 2009 ei
300 1970 446 2022 patria
484 1981 653 2007 manum
691 1968 894 2007 iniecerit.
954 1968 1171 2008 Suetonius
1213 1969 1321 2008 enim
1360 1965 1612 2023 ('lib.10)

226 2025 382 2079 Neque
409 2031 484 2065 aut
512 2026 663 2073 matri,
694 2025 844 2075 inquit,
882 2025 1124 2077 suppliciter
1148 2026 1365 2078 precanti,
1396 2030 1469 2064 aut
1497 2025 1616 2064 vitri-

228 2095 299 2134 co,
329 2081 470 2135 deseri
495 2095 555 2131 se,
585 2082 712 2121 etiam
741 2082 785 2121 in
812 2085 963 2120 senata
991 2083 1273 2135 conquerenti,
1300 2082 1464 2122 veniam
1485 2080 1617 2120 dedit.

230 2138 341 2189 Quin
381 2144 446 2191 et,
484 2138 747 2192 pertinacius
783 2138 1081 2189 retinentibus,
1121 2138 1213 2179 cibo
1234 2151 1316 2193 per
1346 2136 1618 2192 quatriduum

227 2195 440 2236 abstinuit.

338 2252 390 2292 Π.
421 2255 516 2295 1⁰1.
577 2249 620 2290 0.
653 2249 811 2290 Caesar
840 2271 897 2280 —-
926 2254 1129 2291 convento
1150 2252 1276 2305 prius
1311 2249 1397 2291 Tib.
1423 2247 1614 2299 Nerone,

227 2309 298 2349 cui
331 2320 494 2349 omnem
527 2307 748 2355 honorem,
787 2311 836 2346 ut
874 2308 1106 2361 superiori,
1143 2307 1301 2349 habuit.
1358 2307 1436 2347 Dio
1474 2310 1615 2346 contra

320 2481 357 2523 Ἰ)
381 2478 525 2513 Sueton.
549 2477 632 2512 Tib.
656 2477 712 2511 11.
761 2478 945 2521 Confessus
967 2479 1131 2522 tandem,
1164 2479 1254 2514 nihil
1276 2478 1375 2513 aliud
1395 2487 1529 2511 secessu
1551 2476 1614 2510 de-

225 2525 353 2559 vitasse
384 2538 442 2566 se,
475 2535 579 2569 quam
611 2525 855 2558 aemulationis
886 2536 962 2558 cum
998 2525 1080 2559 Caio
1106 2526 1275 2570 Lucioque
1298 2525 1536 2569 suspicionem.
1559 2523 1611 2556 Id.

225 2572 382 2615 cap.10.
419 2552 569 2615 Q'uidam
593 2571 812 2612 existimant,
846 2572 975 2605 adultis
1007 2572 1079 2605 iam
1104 2573 1256 2618 Augusti
1278 2573 1413 2613 liberis,
1443 2571 1536 2611 loco,
1575 2572 1611 2603 et

224 2619 326 2662 quasi
354 2618 564 2661 possessione
585 2618 743 2661 usurpati
775 2628 799 2650 a
826 2628 862 2651 se
894 2617 955 2651 diu
977 2619 1118 2652 secundi
1138 2619 1293 2664 gradus,
1317 2622 1437 2663 sponte
1459 2616 1609 2656 cessisse,

210 2665 378 2708 ‘exemplo
412 2665 460 2698 M.
487 2665 688 2708 Agrippae,
723 2663 800 2708 qni,
836 2664 886 2697 M.
919 2664 1086 2698 Marcello
1121 2666 1170 2698 ad
1200 2676 1345 2699 munera
1373 2663 1513 2708 publica
1542 2639 1609 2695 ad:

225 2716 335 2750 moto,
372 2711 558 2754 Mityleuas
581 2709 725 2743 actim-it.-
759 2721 802 2742 πε
834 2714 896 2743 aut
920 2710 1076 2753 obstare,
1110 2717 1174 2746 aut
1204 2712 1414 2754 obtrectare,
1443 2719 1609 2754 praesens

224 2756 410 2790 videretur.
459 2757 573 2799 Quam
592 2767 751 2790 caussam
775 2760 810 2792 ct
832 2756 925 2800 ipse,
959 2757 1021 2792 sed
1038 2763 1185 2802 postea,
1208 2758 1376 2793 reddidit.
