1728 3054
207 198 238 234 (3
517 191 818 235 NOTITIA·
845 190 1276 237 LITTERARIA

209 307 397 358 studens,
440 306 484 346 in
509 305 632 346 rebus
659 303 892 357 seligendis
915 308 959 345 et
983 307 1226 357 tractandis,
1254 307 1440 350 historici
1461 310 1595 360 simul,

210 365 330 406 simul
359 363 530 404 oratoris
557 366 692 415 partes
721 362 868 414 egerit.

219 459 226 462 v
322 421 475 460 Rerum
515 425 651 459 autem
681 419 863 461 delectus
895 417 1046 471 duplex
1077 423 1162 466 est,
1202 433 1283 460 non
1319 421 1450 461 solum
1488 434 1597 462 sum·
1636 427 1645 429 ⁴

209 490 367 520 morum
403 476 598 515 historiae
648 476 858 516 universae
907 476 1112 528 capitum,
1165 477 1242 516 sed
1289 478 1410 518 etiam
1459 491 1597 519 rerum

211 534 482 586 singularum,
520 545 596 573 seu
623 533 819 586 partium,
859 532 1003 585 quibus
1043 533 1116 573 illa
1151 533 1408 575 continentur
1445 539 1489 576 et
1524 548 1598 576 ex-

239 591 424 631 licantur.

210 605 237 644 P
323 646 369 686 In
411 645 496 686 illis
533 657 630 686 vero
670 645 838 687 summis
875 645 1096 698 seligendis
1143 651 1307 688 secutus
1347 651 1412 688 est
1446 646 1598 689 Noster

210 716 300 752 res,
327 702 494 743 lectoris
522 701 696 743 Romani
727 702 956 754 cognitione
982 703 1261 756 dignissimas,
1298 704 1503 757 voluptate
1530 717 1598 745 co-

210 760 434 813 gnoscendi
478 760 701 810 iucundas,
747 760 799 800 ad
850 760 1004 800 animos
1050 761 1361 804 commovendos
1405 761 1596 812 gravissi·-

211 830 319 865 maS,
349 822 472 869 'atque
504 817 689 869 exemplo
723 816 767 857 in
795 820 1008 868 utramque
1036 821 1194 869 partem
1231 818 1477 858 utilissimas.
1508 819 1599 869 Quo

211 888 262 915 ex
291 886 442 925 genere
479 878 574 915 sunt
602 873 759 921 omnia,
798 886 901 925 quae
939 875 1158 925 ingenuum
1194 878 1237 914 et
1274 875 1485 914 liberalem
1524 876 1600 914 ho-

211 932 362 972 minem
390 930 617 970 Romanum
653 930 812 972 nescire
851 927 1100 979 dedecebat3
1138 943 1242 981 quae
1278 944 1372 971 eum
1411 931 1464 971 de
1501 943 1602 983 gen-

211 989 327 1029 tium·
347 987 726 1037 celeberrimarum,
743 1027 746 1031 ,
762 987 946 1039 inprimis
986 999 1108 1036 suae,
1145 987 1366 1040 originibus
1383 1016 1397 1036 ,
1425 989 1601 1038 fortuna,

210 1045 498 1094 incrementis,
521 1045 760 1093 virtutibus,
791 1043 1018 1096 disciplina,
1046 1043 1198 1083 artibus
1226 1044 1479 1096 inventisque
1508 1058 1601 1084 eru-

212 1103 402 1150 diebant3
437 1115 541 1154 quae
576 1100 853 1154 magnitudine
892 1113 965 1139 sua
1009 1102 1052 1139 et
1091 1099 1332 1140 effectorum
1370 1103 1410 1140 vi
1444 1105 1531 1142 tum
1557 1102 1602 1142 in

212 1163 468 1213 praesentem
496 1172 635 1199 rerum
663 1162 834 1205 statum,
874 1159 963 1196 tum
999 1156 1042 1196 in
1079 1158 1368 1210 consequentia
1405 1162 1603 1211 tempora,

214 1220 330 1259 erant
358 1216 614 1267 gravissimu
654 1227 759 1267 quae
788 1218 832 1254 et
860 1214 1121 1264 antiquitate,
1151 1218 1201 1254 etr
1222 1215 1421 1264 novitate,
1450 1220 1492 1255 et
1517 1229 1603 1255 ma-

213 1274 424 1325 gnitudine
459 1277 502 1312 et
538 1273 755 1313 honestate
800 1271 979 1310 lectores
1023 1270 1258 1320 afficerent;
1305 1285 1407 1323 quae
1445 1272 1511 1312 vel
1549 1272 1602 1312 ad

212 1330 429 1375 honestum
466 1329 673 1378 alliciunt,
708 1328 774 1368 vel
808 1340 832 1367 a
870 1326 982 1378 turpi
1020 1327 1252 1377 deterrent23
1289 1328 1464 1379 denique
1499 1341 1603 1380 quae

213 1387 386 1434 docent,
425 1391 616 1438 monent,
655 1388 841 1434 movent,
879 1384 1108 1435 delectant,
1154 1386 1305 1439 quippe
1341 1398 1444 1437 quae
1487 1386 1602 1437 sequi

214 1443 389 1486 oratoris
417 1447 493 1483 est.

326 1499 386 1540 Ut
427 1510 548 1548 vero,
594 1498 801 1546 intuentes
847 1496 1044 1538 maiorem
1082 1500 1127 1538 et
1162 1497 1426 1550 integriorem
1469 1497 1604 1551 operis

214 1559 400 1612 partem,
437 1568 505 1596 res
543 1554 747 1601 Romanas
786 1555 1148 1607 complectentem,
1174 1554 1345 1607 singula
1382 1568 1603 1622 persequa-

215 1627 330 1663 mur,
371 1612 705 1665 comprehendit
723 1610 909 1659 Velleius
949 1612 1118 1660 ordine,
1165 1624 1269 1664 quae
1307 1613 1372 1653 vel
1409 1613 1461 1653 ad
1494 1613 1603 1653 vires

215 1683 399 1723 opesque
426 1670 703 1709 Romanorum
730 1672 891 1718 auctae,
931 1671 974 1709 et
1002 1668 1054 1708 ad
1082 1669 1186 1715 fines
1221 1670 1384 1722 imperii
1415 1671 1500 1709 sive
1528 1682 1603 1722 per

215 1727 346 1776 bella,
392 1726 478 1766 sive
515 1739 591 1777 per
628 1730 739 1766 artes
777 1725 992 1774 dilatatos,
1040 1725 1107 1764 vel
1144 1726 1198 1765 ad
1233 1727 1481 1778 reipublicae
1517 1726 1603 1766 for-

216 1796 325 1825 mam
363 1786 406 1822 et
434 1782 621 1822 ordinum
657 1780 979 1832 dignitatumque
1018 1784 1192 1832 statum,
1232 1788 1303 1821 aut
1334 1783 1492 1833 legibus
1531 1795 1604 1822 no-

217 1841 300 1889 vis,
342 1841 412 1879 aut
452 1842 615 1889 praeter
650 1837 835 1877 ordinem
870 1836 1068 1888 legesque
1102 1838 1320 1887 institutis,
1357 1843 1427 1878 aut
1465 1839 1608 1879 dome—

218 1897 332 1938 sticis
371 1895 548 1935 motibus
582 1893 933 1939 transformatum,
967 1893 1033 1933 vel
1078 1894 1128 1933 ad
1176 1907 1310 1934 mores
1348 1901 1391 1935 et
1426 1897 1606 1949 discipli-

219 1967 334 2002 nam,
371 1963 542 2003 eamque
577 1950 804 2004 publicam,
843 1950 1112 2001 privatamve,
1149 1951 1424 2001 immutatam,
1459 1953 1524 1991 vel
1552 1951 1605 1992 ad

219 2009 374 2063 ingenii
418 2008 571 2048 cultum
621 2010 692 2046 et
708 2007 917 2046 literarum
967 2007 1230 2061 artiumque
1248 2008 1500 2048 incrementa
1545 2014 1606 2049 at—

222 2080 303 2120 que
331 2065 565 2118 fastigium,
607 2062 673 2109 vel
706 2063 759 2104 ad
797 2063 1049 2115 singulorum
1077 2064 1252 2125 virorum
1281 2066 1484 2106 fortunam
1512 2075 1606 2118 per-

221 2125 366 2166 tinent.
655 2144 660 2148 f
756 2144 760 2147 .

335 2179 492 2220 Harum
537 2161 675 2217 rerum
729 2160 1043 2216 enarrandarum
1090 2188 1236 2228 agmen
1282 2179 1398 2230 quasi
1454 2179 1606 2220 ducunt

224 2250 322 2293 eae,
357 2248 461 2292 quae
487 2233 673 2287 publice,
717 2237 788 2278 aut
815 2233 915 2273 foris
943 2237 1013 2273 aut
1042 2233 1171 2282 domi,
1208 2239 1350 2287 gestae
1378 2240 1492 2283 sunt,
1522 2241 1606 2276 sta-

222 2300 410 2361 tumque·
423 2292 628 2346 publicum
656 2294 1012 2335 commutaverunt.
1068 2291 1175 2339 Has,
1204 2295 1251 2331 ut
1277 2305 1371 2340 sese
1401 2293 1606 2344 excipiunt
1663 2301 1670 2308 ³

223 2350 421 2404 temporis
449 2348 615 2398 ordine,
649 2347 764 2388 annis
793 2347 962 2398 notatis,
998 2352 1138 2387 auctor
1162 2347 1344 2401 disponit
1371 2359 1446 2401 per
1474 2353 1605 2391 totum

225 2421 353 2461 opus,
382 2418 532 2458 easque
560 2403 761 2456 singulas,
801 2416 904 2455 quae
932 2403 1057 2443 veluti
1084 2409 1220 2456 partes
1249 2407 1428 2457 potiores
1456 2407 1606 2446 consti-

225 2469 363 2513 tuunt,
399 2463 602 2504 continua·
616 2461 723 2501 serie
751 2461 1030 2512 persequitur,
1069 2462 1199 2507 donec
1229 2463 1280 2507 ad
1303 2463 1431 2509 §inem
1459 2464 1607 2515 perdu-

227 2526 292 2561 cta
321 2522 375 2560 sit
404 2532 542 2560 earum
572 2517 791 2570 expositio,
829 2521 875 2556 ut
912 2517 1157 2569 subsistere,
1201 2522 1244 2558 et
1283 2520 1438 2570 reliqua
1473 2520 1606 2560 minus

225 2578 486 2625 notabiliora,
514 2575 621 2615 circa
648 2573 771 2622 idem
786 2578 946 2627 tempus
975 2578 1112 2624 gesta,
1140 2575 1204 2614 vel
1231 2575 1474 2627 incidentia,
1503 2589 1607 2627 quae

228 2638 362 2677 autem
391 2633 593 2680 erudiunt,
617 2633 789 2676 movent
799 2636 926 2682 atque
952 2630 1167 2683 delectant,
1196 2633 1440 2683 subiungere
1470 2638 1602 2699 queat.

228 2691 274 2731 ln
303 2691 447 2743 quibus
475 2702 556 2730 ιιοιι
586 2700 747 2754 semper
769 2687 970 2740 temporis
999 2688 1181 2726 ordinem
1209 2689 1382 2729 strictim
1411 2682 1606 2741 sequitur,
1681 2719 1687 2729 .
1718 2682 1719 2693 ’

229 2748 304 2791 sed
339 2744 476 2802 potius
523 2745 743 2787 memoriae
779 2744 997 2799 impetum,
1039 2756 1256 2796 rerumque
1303 2745 1605 2787 similitudinem
