1728 3054
494 194 796 238 ANNALns
833 173 1209 235 venulam
1388 178 1399 185 ”
1460 195 1521 235 nv

134 306 205 351 illa
238 312 377 350 nostra
411 308 728 361 argumentatio,
764 305 872 358 quod
901 305 1047 346 decimi
1075 302 1288 357 stipendii,
1325 315 1407 356 quo
1436 316 1504 343 nu—

136 379 250 407 mero
277 367 410 406 nullus
440 369 529 405 erat
556 365 711 412 minor,
749 363 907 402 initium
944 362 1105 401 aliunde
1140 373 1352 400 numerare
1390 372 1509 411 quam

135 425 186 463 ab
216 430 319 462 auno
346 436 372 462 a
399 423 514 462 nobis
543 422 743 472 assignato
772 432 851 458 nou
881 414 1072 470 potuerit,
1102 417 1137 456 si
1165 417 1329 467 quidem
1357 416 1510 457 &titum

137 481 207 521 illo
239 491 349 520 anuo·
368 477 583 526 habuerit,
613 489 692 529 quo
719 476 883 528 ponitur
912 475 963 525 ab
990 475 1080 527 ipso
1108 473 1282 515 Velleio.

165 634 207 689 §.
223 630 292 677 11.
313 631 414 672 Cum
431 631 647 672 tribunatu
670 629 830 683 accepit
854 627 1043 670 Velleius
1065 630 1191 671 etiam
1213 628 1479 669 laticlaviam.

244 733 374 773 Erant
400 734 535 771 autem
565 744 590 770 e
617 721 788 769 tribmiis
816 729 1091 781 angusticlavii
1128 730 1221 777 alii,
1259 729 1327 771 alii
1355 727 1508 766 laticla-

133 789 209 830 vii.
253 782 416 828 Patrem
444 800 559 826 suum
589 786 823 825 Suetonium
852 786 1007 826 Lenem
1035 785 1144 824 bello
1178 785 1405 824 Othoniano
1434 783 1509 823 tri-

131 829 281 896 bunum
323 842 649 894 augusticlavium
687 846 886 881 memorat
931 842 1039 880 filius
1088 840 1305 880 Suetonius
1342 839 1506 880 histori-

130 915 215 943 ωε.
235 898 282 954 *)
310 899 513 939 Minorem
541 898 649 938 hunc
677 898 804 937 fuisse
832 897 1058 947 tribunum,
1094 901 1136 936 et
1165 910 1215 936 ex
1240 897 1381 936 labore
1409 908 1507 947 pro-

129 958 267 999 venire
303 956 492 1004 solitum,
529 959 700 995 testatur
728 953 938 1005 Vegetius.
966 951 1035 1005 **)
1081 953 1240 1005 Nempe
1278 966 1330 992 ex
1366 952 1506 991 labore

129 1019 367 1076 propterea,
398 1012 492 1064 quia
518 1024 598 1051 non
628 1023 678 1050 ex
699 1011 920 1060 natalibus;
950 1010 1078 1063 qualis
1113 1014 1202 1049 erat
1230 1009 1299 1049 ille
1327 1008 1506 1048 tribuna-

130 1075 216 1120 tus,
258 1069 312 1108 de
340 1081 420 1120 quo
449 1069 629 1119 agimus,
662 1066 904 1106 familiarum
938 1066 1241 1107 senatoriarum.
1298 1066 1400 1105 Erat
1426 1064 1516 1103 ita-->

129 1140 208 1179 que
235 1126 367 1165 minor
391 1125 470 1164 iste
497 1124 719 1163 tribunatus
749 1123 902 1162 ordinis
933 1123 1141 1163 dumtaxat
1171 1122 1394 1175 equestris,
1434 1132 1505 1160 cu-·

128 1183 191 1222 ius
230 1182 418 1221 nimirum
459 1180 610 1220 ordinis
647 1179 820 1230 insignia
855 1184 970 1219 erant
1006 1181 1049 1220 in
1086 1177 1385 1231 angusticlavio.
1449 1177 1506 1216 Et

126 1238 297 1293 praemii
322 1237 412 1277 loco
450 1235 621 1276 concedi
649 1236 806 1276 solebat
833 1235 992 1276 illarum
1022 1235 1268 1276 familiarum
1294 1234 1503 1285 militibus,

114 1308 294 1348 v*quarum
320 1293 499 1334 nondum
538 1293 643 1332 ullae
677 1291 852 1332 fuissent
885 1293 1092 1345 imagines.
1150 1291 1338 1331 Nondum
1367 1295 1505 1330 tamen

126 1340 208 1391 illis
234 1351 297 1390 ius
328 1353 416 1390 erat
451 1349 617 1401 petendi
647 1349 823 1388 honores
860 1350 1107 1398 senatorios,
1142 1349 1220 1388 nisi
1258 1347 1503 1387 laticlaviam

126 1408 339 1461 praeterea
363 1420 388 1446 a
414 1406 595 1458 principe
627 1405 925 1457 impetrassent.
953 1405 1022 1445 Sic
1049 1406 1174 1445 latum
1202 1400 1356 1456 clavum
1375 1403 1502 1442 Sexto

128 1477 203 1504 suo
229 1462 387 1504 Euritio
414 1461 642 1514 impetravit
669 1461 821 1500 Plinius
849 1462 993 1510 iunior,
1013 1460 1106 1518 ***)
1135 1466 1221 1501 tum
1250 1460 1398 1499 deiude
1414 1459 1502 1513 pri-

118 1534 236 1574 ·3uum
274 1522 513 1572 quaesturae
557 1518 752 1556 honorem
792 1518 1048 1558 senatorium.
1116 1519 1185 1559 Sic
1221 1517 1375 1556 nullum
1414 1514 1504 1555 erat

126 1576 200 1626 lati
228 1576 328 1616 clavi
355 1575 418 1614 ius
450 1574 493 1613 in
523 1575 613 1626 ipso
641 1574 719 1612 hoc
746 1574 892 1613 minori
922 1575 1139 1614 tribunatu.
1198 1574 1329 1613 Aliter
1358 1585 1404 1612 se
1432 1584 1500 1611 res

125 1633 303 1687 habebat
330 1631 372 1671 in
396 1630 560 1670 familiis
589 1630 816 1679 nobilibus,
852 1634 894 1670 et
922 1631 1137 1683 imaginum
1166 1630 1255 1670 iure
1282 1629 1499 1680 insignitis.

125 1689 203 1741 His
240 1688 466 1728 tribunatus
502 1687 592 1739 ipse
618 1685 837 1725 laticlavius
867 1691 966 1726 erat.
1025 1687 1234 1726 Laticlavii
1271 1685 1423 1726 mentio
1459 1685 1500 1725 in

125 1744 309 1799 Suetonii
335 1743 520 1789 Neroue;
547 1740 665 1798 ****)
695 1733 845 1782 tribuni
873 1744 995 1782 etiam
1022 1743 1221 1793 laticlavii,
1250 1743 1292 1782 in
1319 1741 1501 1780 eiusdem
1558 1781 1561 1784 ,

124 1793 363 1854 Domitiam).
390 1797 442 1854 †)
478 1799 636 1850 Nempe
663 1811 739 1850 per
765 1799 948 1839 militiam
983 1799 1114 1847 hanc,
1149 1805 1267 1851 quam
1306 1799 1405 1846 dixi,
1447 1797 1500 1836 ad

112 1857 299 1904 «honores
347 1855 571 1896 senatorios
599 1854 880 1908 3adspirabant
926 1856 1215 1895 senatoriarum
1255 1856 1497 1895 familiarum

103 1915 428 1961 adolescentes,
466 1913 534 1964 qui
562 1916 698 1950 tamen
726 1913 902 1952 nondum
931 1916 1106 1952 aetatem
1135 1913 1351 1963 attigerant
1380 1923 1497 1950 sena-

124 1971 280 2012 teriam.
339 1968 408 2009 Sic
442 1969 502 2007 illi
534 1968 740 2017 nimirum,
775 1973 819 2008 ut
853 1981 932 2007 non
969 1974 1105 2008 essent
1140 1973 1276 2008 tamen
1307 1973 1423 2006 antea
1451 1968 1495 2006 in

125 2032 309 2081 senatum
337 2025 572 2076 adlegendi,
612 2037 734 2085 guam
770 2025 970 2077 stipendia
1005 2026 1186 2077 legitima
1215 2025 1493 2064 absolvissent.

123 2083 215 2124 Hoc
243 2096 316 2123 nos
345 2082 492 2121 docent
520 2082 675 2121 Seuec‘a
702 2075 781 2135 -Ηῆ
823 2087 944 2133 atque
971 2082 1192 2134 Epictetus.
1221 2079 1334 2136 †††)
1374 2080 1497 2119 Dedit

124 2143 266 2180 tamen
296 2140 398 2179 latus
437 2138 591 2185 clavus,
629 2141 674 2177 ut
702 2138 831 2177 minus
869 2144 1052 2178 senatum
1080 2139 1234 2191 ipsum,
1270 2144 1312 2176 at
1341 2137 1414 2178 ius.
1435 2140 1496 2175 ta-

125 2209 220 2236 men
248 2194 414 2248 petendi
443 2194 618 2233 honores
645 2195 880 2234 senatorios.
937 2195 1079 2247 ltaque
1108 2201 1224 2234 antea
1261 2187 1386 2233 ltstum
1415 2192 1496 2231 cla-

124 2265 216 2294 vum
241 2253 483 2300 induebant,
511 2263 629 2302 quam
655 2251 963 2292 admitterentur
991 2253 1033 2293 iu
1060 2257 1265 2300 senatum3
1296 2255 1391 2292 tunc
1420 2249 1496 2289 sci-

217 2443 274 2533 Η)
280 2443 421 2534 εὖιῖἑῖῗ
439 2442 731 2532 iffihilfaolssltli's

179 2539 186 2543 '
218 2535 295 2579 ***)
319 2535 408 2569 Plin.
442 2534 507 2569 lib.
528 2535 573 2570 11.
605 2535 669 2579 Ep.
692 2535 727 2569 9.

219 2581 314 2625 ****)
345 2581 441 2614 Suet.
472 2580 554 2615 Ner.
585 2591 661 2625 cap.
695 2582 754 2616 26.

219 2626 261 2669 †)
283 2627 423 2661 Sueton.
446 2626 548 2660 Dom.
572 2637 648 2671 eap-
682 2628 740 2662 1⁰.

219 2672 287 2715 ††)
310 2674 431 2706 Sanco.
464 2673 529 2716 Ep.
557 2671 617 2707 47,

219 2718 311 2762 †††)
334 2718 478 2763 epictet.
503 2728 559 2762 ap.
584 2716 721 2754 Ari-ian.
