1728 3054
219 198 305 241 274
523 194 570 237 c.
601 193 887 264 vernum
926 174 1319 240 exi-nucum

219 314 484 372 poscerent,
536 323 766 368 recusans,
823 311 1101 358 subrefectus
1155 313 1305 374 primo
1360 322 1606 375 conspectu

219 380 515 445 alloquioque
549 377 797 424 charissimi
829 380 911 425 sibi
938 381 1129 442 spiritus,
1156 397 1264 427 mox
1291 396 1395 428 cum
1424 398 1605 430 omnem

220 464 375 496 curam
408 448 502 492 fata
533 447 785 504 vincerent,
819 449 867 494 in
900 466 982 495 sua
1014 452 1234 496 resolutus
1268 451 1417 508 initia,
1460 453 1603 498 Pom-

222 519 359 578 peio,
414 508 706 577 Apuleioque
751 517 875 563 Coss.
920 522 1255 581 septuagesimo
1301 527 1424 566 sexto
1473 537 1606 580 anno,

219 587 415 632 animam
450 587 693 632 coelestem
727 587 860 636 coelo
894 588 1108 633 reddidit.

358 655 495 701 CAP.
543 654 750 702 CXXIV.
801 656 929 713 Quid
970 664 1080 704 tunc
1123 656 1331 702 homines
1363 656 1605 713 timuerint,

220 739 340 784 quae
373 730 548 769 senatus
582 724 848 785 trepidatio,
893 742 1012 785 quae
1046 727 1210 787 populi
1245 726 1472 784 confusio,
1507 727 1606 784 quis

220 794 341 839 orbis
379 800 547 849 metus,
581 794 629 838 in
660 810 797 853 quam
831 802 928 840 arto
965 797 1119 842 salutis
1154 795 1361 854 exitiique
1393 794 1608 840 fuerimus
1676 824 1679 827 -

149 927 153 932 ἢ
220 863 442 920 confinio,
475 877 624 922 neque
657 863 770 908 mihi
803 870 896 910 tam
930 865 1152 910 festinanti
1186 865 1436 926 exprimere
1462 870 1607 923 vacat,

219 1058 326 1088 strem
342 1052 564 1098 professionis
584 1058 701 1091 actum
725 1064 879 1099 compro—

220 1101 330 1134 bavit.
356 1100 416 1134 Sic
438 1100 556 1143 finitio
587 1100 624 1134 in
647 1100 762 1144 lapide
785 1101 879 1145 apud

222 1147 363 1181 Gruter.
394 1158 478 1192 pag.
515 1147 596 1181 810.
628 1146 685 1181 10.
730 1148 761 1181 si
796 1159 879 1191 per-

220 1194 388 1228 manserit
410 1204 516 1237 usque
539 1193 577 1226 in
599 1193 690 1227 diem
706 1193 879 1237 finitionis

219 1251 316 1274 suae.
341 1240 386 1274 At
399 1240 502 1284 finiri
518 1250 581 1283 pro
599 1239 692 1273 mori
714 1244 766 1274 est
783 1240 879 1284 apud

220 1285 434 1330 antiquiores
455 1285 602 1320 Velleio.
626 1285 771 1328 Cicero,
796 1297 878 1320 ora-

220 1333 339 1367 culum
371 1333 548 1366 Graccum
578 1335 735 1373 vertens,
766 1331 876 1366 Tusc.

219 1379 320 1435 Disp.
354 1379 381 1412 1.
413 1378 471 1412 48.
506 1379 563 1413 Sic
588 1379 664 1422 suit
686 1379 806 1413 utilius
827 1379 878 1422 fi-

220 1427 293 1460 m‘ri
338 1426 490 1470 ipsique,
541 1425 683 1470 tibique.
736 1424 880 1479 Trogus

219 1473 368 1507 xxvn.
379 1472 413 1507 8.
431 1472 594 1506 Seleucus
615 1483 759 1526 quoque,
777 1471 882 1505 amis-

220 1531 259 1553 so
283 1531 417 1565 reguo,
439 1530 526 1563 equo
548 1518 813 1563 praecipitatus,
827 1518 880 1561 fl·-

221 1566 327 1600 uitur.
367 1565 431 1599 ubi
460 1566 574 1600 multa
616 1565 777 1608 exempla
813 1565 880 1598 ha-

221 1613 306 1646 bent
342 1613 496 1656 interpp.
536 1611 634 1646 Adde
669 1612 802 1645 Duker.
834 1609 881 1644 nd

221 1657 588 1694 Flor.11.15.1.et
609 1658 720 1692 chr.
747 1658 883 1691 Canne-

221 1705 346 1751 gieter.
367 1704 412 1739 ad
435 1704 592 1739 Trebell.
603 1704 754 1740 Pullion.
766 1704 882 1740 XXX.

221 1752 311 1798 Tyr.
335 1763 411 1796 cap.
441 1750 477 1788 8.
742 1783 747 1789 „

266 1844 304 1877 in
340 1854 406 1877 sua
431 1844 602 1878 resolutus
636 1842 752 1877 initia.
782 1841 882 1876 Haec

219 1890 383 1934 loquendi
407 1889 500 1923 ratio
525 1901 548 1923 a
567 1888 787 1933 philosophis
812 1889 881 1922 flu-

219 1936 292 1978 xit,
324 1935 487 1980 inprimis
515 1934 766 1981 Pythagoricis
797 1935 880 1969 Pla-

203 1983 438 2026 ,tonicisquffi
478 1994 629 2025 quorum
670 1981 878 2017 sententiam

221 2028 281 2064 his
310 2028 427 2063 verbis
457 2028 565 2063 tradit
592 2028 803 2063 Plutarchus
834 2028 878 2060 de

221 2074 533 2111 1¹1acit.Phi10s
572 2075 630 2111 lv.
670 2074 706 2108 7.
749 2072 874 2116 ἐξιοῦ-

222 2133 292 2158 σαν
325 2121 378 2162 εἰς
407 2134 449 2158 το
481 2121 552 2157 τοῦ
580 2119 724 2160 παντὸς
753 2118 878 2165 ψυχήν

222 2167 429 2214 ἀναχωρεῖν
473 2167 567 2214 πρὸς
606 2164 649 2203 td
693 2163 878 2222 ομογενές.

222 2215 378 2250 animam
396 2226 535 2260 corpore
557 2215 706 2250 solutam
728 2214 776 2248 ad
798 2213 877 2248 ani-

221 2273 316 2297 mam
335 2263 456 2296 mundi
475 2267 682 2307 cognatam,
705 2260 797 2295 unde
818 2261 880 2294 de-

222 2314 343 2354 cerpta
368 2313 440 2350 est,
471 2314 641 2353 tauquam
670 2309 719 2342 ad
740 2310 879 2351 fontem

220 2367 320 2390 suum
358 2355 485 2390 redire.
530 2355 621 2388 unde
648 2354 882 2399 intelligenda

221 2413 289 2435 vox
311 2401 491 2436 morientis
520 2400 651 2436 Plotini
673 2402 768 2446 apud
791 2401 881 2434 Por-

219 2448 326 2492 phyr.
351 2449 388 2482 in
410 2449 486 2483 eius
509 2448 590 2482 vita
611 2459 692 2492 pag.
718 2447 776 2482 94.
800 2458 879 2482 πει-

222 2495 346 2538 ρῶμαι
383 2491 448 2530 τὸν
484 2492 523 2529 ἐν
550 2490 640 2538 υμῖν
663 2490 757 2529 θεον
783 2490 878 2528 οἰνά-

170 2557 171 2561 =
220 2553 299 2586 γειν
319 2540 412 2586 πρὸς
433 2541 476 2576 τὸ
494 2539 534 2576 ἐν
551 2543 604 2589 τῷ
620 2540 733 2576 παντὶ
753 2541 875 2575 θεῖον.

220 2587 300 2621 Diei
343 2599 411 2622 non
444 2591 576 2643 potest,
616 2587 750 2631 quoties
790 2590 876 2631 quot
892 2618 899 2621 ,

220 2634 333 2668 modis
364 2635 458 2668 hanc
478 2634 675 2678 opinionem
698 2644 875 2677 expresse-

220 2679 291 2715 rint
312 2680 491 2726 utriusque
511 2681 658 2728 linguae
677 2679 874 2725 scriptores,

946 1053 1153 1100 praesertim
1182 1054 1322 1098 poetae.
1344 1051 1445 1099 Virg.
1471 1051 1604 1098 Georg.
1645 1062 1649 1071 *

945 1102 1004 1137 IV.
1027 1100 1108 1136 223.
1131 1111 1226 1145 seqq.
1251 1101 1343 1134 Hine
1366 1101 1407 1144 (a
1429 1100 1523 1144 Deo)
1541 1111 1604 1144 pe-

945 1149 1069 1190 cudes,
1109 1152 1292 1188 armenta,
1332 1147 1444 1188 viros,
1491 1157 1605 1191 genus

945 1197 1245 1238 omneferarum,
1272 1194 1448 1237 Quemque
1468 1194 1535 1226 sibi
1551 1197 1604 1227 te-

944 1253 1029 1274 nues
1060 1246 1259 1275 nascentem
1290 1250 1463 1273 arcessere
1497 1239 1602 1273 vitas.

944 1288 1082 1322 Scilicet
1098 1287 1164 1320 hue
1190 1286 1292 1320 reddi
1322 1286 1448 1320 deiude
1478 1297 1519 1318 ac
1547 1297 1604 1318 re-

944 1334 1058 1368 soluta
1074 1333 1202 1377 referri
1222 1333 1358 1366 Omnia.
1382 1331 1517 1366 Seneca.
1535 1331 1604 1365 Pa-

945 1383 1000 1414 ter
1023 1380 1166 1414 Suasur.
1190 1389 1273 1424 pag.
1298 1378 1357 1414 37.
1381 1378 1527 1411 Animus
1545 1378 1602 1412 di-

946 1426 1030 1460 vina
1048 1426 1185 1471 origiue
1201 1425 1346 1459 haustus
1357 1449 1367 1468 ,
1391 1424 1446 1458 eui
1463 1435 1525 1458 nec
1549 1435 1606 1457 se-

946 1479 1065 1507 nectus
1096 1473 1192 1514 ulla,
1223 1483 1285 1506 nee
1320 1482 1431 1512 mors,
1471 1471 1604 1503 onerosi

947 1519 1097 1563 corporis
1136 1519 1282 1552 vinculis
1322 1518 1512 1558 exsolutus,
1553 1516 1603 1550 ad

946 1566 1045 1600 sedes
1067 1576 1148 1599 suas
1172 1570 1207 1599 et
1227 1569 1381 1609 cognata
1403 1563 1519 1597 sidera
1545 1574 1604 1596 re-

947 1616 1073 1646 curret.
1106 1612 1209 1655 Quod
1237 1611 1298 1644 hic
1327 1609 1482 1644 breviter
1504 1608 1604 1650 dixit,

947 1658 986 1692 id
1009 1658 1175 1702 Quinctil.
1208 1658 1365 1693 Declam.
1391 1657 1435 1691 X.
1458 1655 1516 1690 17.
1540 1666 1604 1699 per

946 1706 1071 1750 longas
1101 1704 1291 1738 verborum
1324 1703 1494 1747 ambages
1528 1705 1603 1736 tra·-

947 1751 1010 1786 xit.
1035 1751 1173 1786 Seneca
1200 1751 1312 1785 Filius
1343 1751 1408 1794 Ep.
1436 1748 1495 1790 79.
1519 1759 1602 1793 pag.

947 1798 1028 1832 317.
1062 1809 1138 1831 eum
1164 1798 1301 1840 animus
1326 1796 1485 1831 redditus
1509 1796 1602 1828 coelo

950 1855 1011 1878 suo
1027 1845 1160 1888 fuerit,
1185 1855 1263 1877 cum
1288 1843 1454 1887 receperit
1479 1842 1601 1882 locum,

947 1902 1049 1936 quem
1085 1891 1264 1934 occupavit
1292 1895 1383 1923 sorte
1424 1888 1602 1921 nascendi.

946 1940 1090 1971 Sursum
1116 1941 1241 1970 vocant
1261 1936 1359 1969 illum
1391 1935 1497 1969 initia
1522 1945 1601 1967 sua.

945 1983 1027 2018 Alia
1068 1995 1136 2017 non
1172 1982 1355 2026 vulgaria,
1399 1991 1490 2024 quae
1528 1980 1602 2013 huc

943 2030 1148 2074 pertineant,
1165 2029 1259 2063 dedit
1274 2026 1524 2062 Valckenarius
1538 2037 1602 2060 no-

942 2081 1016 2111 ster
1038 2076 1150 2111 Diatr.
1176 2074 1333 2120 Euripid.
1356 2074 1414 2108 v.1
1438 2084 1523 2120 pag.
1541 2073 1600 2108 54.

992 2167 1154 2212 Pompeio
1184 2166 1397 2212 Apuleioque
1431 2166 1507 2202 cos.
1529 2165 1601 2200 Pro

944 2226 1011 2249 eos.
1053 2215 1229 2248 scribatur
1260 2225 1339 2248 coss.
1383 2224 1417 2247 ss
1447 2212 1600 2257 duplici:

943 2272 1027 2295 nam
1073 2260 1127 2295 sie
1160 2261 1248 2295 solet
1287 2258 1407 2295 scribi·
1436 2260 1600 2293 eonsules.

945 2308 1065 2342 consul
1107 2318 1193 2341 vero
1223 2306 1328 2340 unico
1359 2317 1388 2341 s.
1437 2305 1479 2339 In
1520 2306 1598 2342 cod.

947 2358 1019 2388 vet.
1043 2353 1095 2388 sie
1117 2353 1285 2398 seriptum
1307 2355 1370 2394 est,
1392 2363 1459 2388 cos.
1481 2352 1601 2386 Potest

945 2404 1065 2435 autem
1088 2399 1194 2434 scribi
1225 2411 1242 2433 s
1277 2401 1423 2442 Qui-nto
1455 2402 1490 2432 et
1521 2410 1599 2432 ere-
1663 2405 1679 2429 c

945 2450 1002 2481 cto
1024 2451 1198 2490 utcunque
1218 2445 1356 2487 libebit,
1377 2456 1441 2479 nee
1462 2456 1520 2478 me
1543 2445 1600 2479 fu-

942 2492 997 2538 git
1019 2494 1194 2537 quomodo
1223 2492 1262 2530 in
1290 2496 1448 2526 veterum
1470 2490 1600 2526 codici-

942 2540 1010 2575 bus
1031 2538 1206 2583 plerisque
1233 2537 1430 2582 scribatur,
1462 2537 1498 2572 in
1520 2537 1600 2581 qui·-

941 2586 1008 2620 bus
1029 2587 1146 2620 consul
1172 2585 1224 2621 sie
1243 2588 1314 2620 οδε.
1337 2585 1493 2619 consules
1513 2594 1599 2619 vero

940 2632 992 2666 sic
1018 2643 1109 2668 cons.
1144 2632 1316 2677 scriptum
1345 2630 1493 2677 reperio.
1523 2630 1599 2666 Bu-

939 2690 1026 2715 1388.
