1728 3054
179 187 268 230 282
469 184 536 245 ,⁰⁰
573 183 858 229 VELLEII
901 186 1293 233 PATERCULI

178 299 341 347 ociosis
371 298 663 358 simillimum,
696 300 811 346 nihil
844 301 929 347 sibi
957 303 1271 362 vindicantem,
1287 331 1289 334 -
1305 320 1454 365 eoque
1481 306 1567 356 ad-

178 374 440 428 sequentem
487 368 662 425 omnia,
722 386 992 432 semperque
1035 366 1150 418 infra
1179 375 1385 419 aliorum
1434 376 1566 421 aesti-

176 438 397 483 mationes
440 451 489 482 se
526 438 811 497 metientem,
867 442 995 487 vultu
1036 443 1217 503 vitaque
1259 444 1567 503 tranquillum,

176 522 329 552 ammo
364 520 616 552 exomnem.

314 574 450 621 CAP.
474 574 726 622 CXXVIII.
760 575 815 621 In
848 575 982 623 huius
1014 578 1225 623 virtutum
1260 579 1567 626 aestimatione

174 645 266 690 iam
313 644 494 704 pridem
541 644 707 699 iudicia
746 646 935 693 civitatis
979 661 1084 693 cum
1125 647 1300 694 iudiciis
1348 650 1563 710 principis

175 719 362 760 certant.
430 714 593 774 Neque
636 729 779 760 novus
818 714 898 762 hie
942 732 1042 762 mos
1093 723 1270 763 senatus
1310 718 1566 779 populique

174 784 264 830 Ro.
293 789 383 840 est,
416 783 635 844 putandi,
669 784 798 842 quod
837 787 1063 846 optimum
1093 787 1171 844 sit,
1207 802 1302 832 esse
1338 787 1556 832 nobilissi-

174 869 315 898 mum.
384 853 504 898 Nam
551 858 598 898 et
635 853 703 898 illi
744 854 941 913 antiqui,
997 861 1100 902 ante
1145 857 1342 917 primum
1389 857 1563 902 bellum

174 923 421 977 Punicum,
451 921 620 969 abhinc
650 938 789 968 annos
817 923 954 971 CCC.
980 923 1434 981 Ti..Coruncanium,
1470 925 1562 970 ho-

173 992 341 1036 minem
378 1006 572 1051 novum,
617 1006 722 1038 cum
766 992 863 1038 aliis
898 994 1106 1040 omnibus
1148 994 1422 1053 honoribus,
1465 1001 1563 1040 tum

171 1061 438 1121 pontificatu
469 1061 606 1107 etiam
638 1062 851 1126 maximo,
885 1063 945 1107 ad
977 1064 1232 1124 principale
1253 1065 1461 1120 ‚extulere
1489 1065 1561 1109 fa·-

133 1131 378 1193 2stigium3
419 1136 467 1176 et
512 1131 707 1193 equestri
743 1132 852 1179 loco
893 1139 1048 1179 natum
1082 1133 1165 1195 Sp.
1204 1132 1475 1190 Carvilium,
1517 1138 1563 1179 et

900 1288 955 1322 ius
982 1289 1152 1323 virtutum
1193 1289 1446 1324 aestimatione.
1487 1288 1559 1323 Ex-

899 1335 1005 1378 empl.
1020 1339 1148 1370 vetust.
1162 1335 1292 1370 habet:
1315 1336 1353 1370 in
1370 1335 1472 1370 huius
1488 1336 1560 1370 vir-

898 1386 1031 1425 tutem,
1059 1381 1335 1417 aestimationem
1367 1386 1433 1416 ete.
1460 1382 1583 1425 Ipsus.

897 1427 1020 1462 videat
1052 1428 1180 1470 lector,
1227 1428 1313 1473 quid
1353 1428 1424 1465 sibi
1462 1428 1560 1462 lectu

897 1474 1072 1518 optimum
1109 1474 1284 1509 videatur.
1308 1474 1421 1510 ,Nam
1466 1472 1558 1510 mihi

214 1286 304 1321 nihil
324 1284 392 1321 sibi
412 1286 648 1323 vindicantem
670 1289 736 1323 etc.
752 1286 832 1322 Ma-

167 1334 297 1368 nitcsta
318 1322 470 1369 imitatio
495 1333 658 1369 Sallustii
679 1334 754 1369 Cat.
772 1333 832 1368 54.

166 1381 221 1415 ita
252 1391 319 1425 quo
350 1381 465 1415 minus
481 1382 647 1427 gloriam
674 1381 831 1426 petebat,

166 1438 209 1462 eo
231 1427 350 1472 magis
370 1427 472 1461 illam
493 1428 752 1473 assequebatur.
770 1427 832 1461 Sic

165 1473 299 1508 habent
338 1474 441 1508 multi
480 1473 589 1516 libri;
625 1485 690 1508 nee
726 1473 831 1509 aliter

164 1520 295 1566 legisse
316 1520 457 1554 videtur
478 1520 648 1556 Velleius.
678 1521 719 1555 Iu
743 1533 830 1556 non-

164 1567 274 1601 nullis
305 1567 411 1610 paulo
444 1567 650 1611 exquisitius
672 1567 827 1613 legitur·

164 1625 206 1648 eo
229 1615 346 1659 magis
367 1613 466 1648 illum
489 1615 748 1668 assequebatur,
770 1616 830 1650 vel

164 1660 385 1705 sequebatur.
427 1661 473 1695 At
519 1658 659 1695 Cottius
705 1665 829 1697 contra

162 1707 316 1741 alteram
337 1705 522 1741 lectionem
536 1707 705 1749 exoritur,
717 1719 827 1752 quae

164 1764 264 1795 rens,
295 1752 381 1797 quid
409 1753 455 1789 sit
483 1766 553 1788 ποπ
579 1755 725 1799 petebat
746 1756 827 1800 glo-

161 1800 278 1841 riam,
313 1803 349 1834 et
381 1802 630 1846 assequebatur
660 1803 827 1847 gloriam,

149 1845 428 1890 existimatque,
459 1847 555 1881 idem
584 1848 660 1881 fere
683 1860 736 1882 ess
739 1860 759 1881 e
783 1859 827 1882 ac

160 1904 231 1926 aon
252 1894 414 1948 petebat,
449 1897 485 1928 et
512 1895 667 1939 petebat.
700 1895 826 1931 Profe-

161 1943 239 1981 cto,
283 1938 345 1973 ubi
389 1950 489 1974 mens
527 1940 635 1975 fuerit
674 1939 826 1984 homini,

160 1985 291 2019 nescio.
333 1985 456 2020 Nonne
478 1986 651 2029 Velleius,
674 1999 696 2022 a
719 1988 827 2021 Wan-

895 1570 964 1602 cet.
985 1567 1132 1602 numm.
1166 1568 1268 1613 Ego,
1288 1567 1378 1602 sieut
1399 1578 1469 1602 non
1492 1567 1557 1601 du-

895 1613 996 1656 bito,
1028 1613 1113 1658 quin
1146 1615 1337 1649 Rhenanus
1359 1625 1482 1649 veram
1504 1615 1557 1648 le-

896 1660 1050 1695 ctionem
1091 1661 1302 1707 restituerit,
1333 1661 1387 1701 ita
1426 1661 1558 1702 nescio,

894 1716 941 1741 au
987 1706 1049 1740 hic
1096 1719 1235 1752 quoque
1280 1718 1351 1741 vox
1388 1707 1558 1742 virtutum

892 1753 1159 1797 praecedentem
1178 1754 1250 1788 viri
1270 1753 1494 1797 absorpserit,
1517 1756 1558 1789 ut

891 1799 1049 1835 11.79.1.
1073 1801 1128 1835 vir
1157 1801 1297 1836 virtutis
1323 1801 1557 1835 nobilissimae

892 1846 1155 1882 emendavimus
1185 1858 1250 1892 pro
1280 1848 1420 1882 virtutis
1452 1847 1553 1880 uobi-

892 1894 1057 1928 lissimae.
1098 1894 1199 1929 Haec
1238 1894 1390 1938 suspicio
1426 1894 1552 1927 confir-

892 1943 1013 1974 matur
1035 1951 1057 1974 a
1081 1940 1217 1975 Velleio
1239 1939 1286 1975 11.
1303 1940 1361 1976 40.
1379 1940 1414 1974 4.
1439 1939 1552 1973 Huius

892 1986 962 2020 viri
1004 1987 1197 2032 fastigium
1226 1987 1350 2022 ‘tantis
1395 1986 1551 2021 auctibus

895 1521 986 1555 haec
1008 1520 1113 1556 lectio
1134 1533 1206 1555 non
1227 1522 1420 1556 admodum
1437 1520 1556 1565 displi-
1607 1554 1615 1556 s

159 2032 215 2065 sio
256 2043 338 2066 cum
379 2033 547 2068 Sallustio
589 2037 827 2078 comparatus,

158 2078 243 2132 quid
266 2078 312 2113 sit
334 2080 489 2124 gloriam
508 2081 668 2126 assequi,
701 2081 826 2116 claris-

158 2125 249 2159 sime
271 2125 504 2161 ostendebat?

205 2183 342 2216 semper
359 2173 456 2216 infra
474 2164 635 2207 aliorum.
661 2173 824 2217 Exempl.

158 2223 336 2252 vetustum
371 2219 497 2253 habet.
541 2231 742 2265 semperque
769 2221 824 2254 in-

150 2267 218 2308 fra
255 2266 404 2299 aliorum
436 2269 502 2300 etc.
544 2266 693 2301 Binum.
726 2266 822 2301 Edit.

156 2323 212 2355 pr.
234 2322 371 2356 sem-per
392 2311 467 2346 sine
489 2324 566 2358 que.

202 2369 304 2403 vultu
330 2370 474 2415 vitaque
503 2370 740 2425 tranquillum
756 2373 823 2405 etc.

156 2414 252 2450 Mihi
283 2416 436 2459 suspicio
459 2417 650 2458 oboritur,
674 2416 821 2462 scripto-

156 2472 234 2495 rem
262 2466 333 2496 vet.
366 2463 442 2497 cod.
484 2463 535 2498 sic
576 2463 729 2498 scribere
760 2464 821 2498 de·-

156 2507 292 2541 buisse·
316 2510 415 2544 vultu
434 2510 576 2555 vitaque
599 2511 821 2565 tranquillus,

157 2554 274 2588 animo
308 2556 470 2590 erumnis.
502 2556 572 2590 Sed
595 2557 693 2602 legat
724 2556 821 2600 quis-

155 2612 224 2644 que
246 2602 339 2644 quod
361 2602 430 2636 sibi
452 2603 625 2647 optimum
647 2603 819 2638 videatur.

156 2647 224 2693 Sat
253 2647 360 2682 fuerit
391 2648 482 2683 mihi
504 2649 674 2686 lectorem
697 2650 821 2685 admo-

155 2693 284 2728 nuisse.
316 2694 460 2730 Bumm.

202 2739 304 2776 GAP.
331 2742 517 2778 cxxvm.
550 2744 584 2787 §.
619 2741 654 2779 1.
690 2743 732 2778 In
753 2735 821 2778 huss

883 2035 1035 2077 fortuna
1066 2034 1197 2067 extulit.

937 2079 1030 2123 quod
1049 2080 1220 2124 eptimam
1248 2079 1314 2121 sit,
1351 2089 1424 2112 esse
1451 2078 1549 2112 nobi-

889 2126 1071 2162 lissimum.
1123 2126 1286 2160 Imitatur
1339 2124 1550 2159 Sallustium

887 2172 966 2217 lug·-
999 2171 1056 2206 85.
1090 2184 1157 2218 ego
1189 2177 1354 2206 naturam
1382 2182 1490 2204 uuam.
1514 2175 1549 2206 ct

889 2229 1102 2253 communem
1124 2220 1273 2253 omnium
1294 2217 1470 2259 existimo,
1487 2218 1550 2251 sed

881 2265 1112 2309 fortissimum
1136 2276 1302 2311 quemque
1324 2263 1547 2310 generosissi-

888 2323 996 2391 musar.
1015 2356 1263 2395 coruncanum,
1294 2356 1455 2400 Exempl.
1485 2368 1548 2391 ve—

888 2407 1025 2438 tustum
1048 2404 1178 2438 habet:
1205 2403 1260 2439 Ti.
1282 2403 1547 2439 Coruncanium.

887 2451 1033 2485 Benna.
1065 2449 1152 2485 vide
1187 2448 1261 2484 Cic.
1292 2461 1358 2494 pro
1389 2449 1478 2484 Sull.
1509 2450 1548 2484 7.

886 2500 922 2531 et
944 2497 1022 2531 Liv.
1046 2496 1111 2540 Ep.
1136 2494 1194 2530 18.
1218 2495 1315 2531 Edit.
1336 2508 1389 2541 pr.
1416 2497 1458 2530 T.
1482 2496 1547 2531 Co-

886 2553 1088 2578 ruuoanum.

933 2604 967 2645 §-
1002 2601 1037 2636 2.
1070 2600 1133 2645 Sp.
1178 2600 1377 2635 Carvilium.
1412 2598 1547 2644 Opinor

886 2658 908 2682 υ
931 2658 996 2692 pro
1019 2648 1039 2680 b
1062 2645 1243 2691 scriptum.
1266 2646 1357 2681 Nam
1381 2645 1470 2681 alins
1492 2659 1544 2681 so-

886 2695 936 2728 let
956 2692 1064 2729 scribi
1097 2694 1157 2738 Sp.
1189 2693 1372 2729 Carbilius.
1402 2692 1545 2729 Binum.

886 2739 1004 2777 Huius
1024 2739 1174 2777 Carvilii
1201 2751 1259 2776 res
1288 2743 1408 2786 gestas
1425 2749 1545 2784 perse-
