1728 3054
427 183 719 227 VELLEI
784 180 1243 224 PATERGULI
1412 185 1523 219 XXIX

151 302 258 347 ctae
292 301 486 362 legatus
512 299 721 344 eiusdem
751 297 822 342 ad
855 297 1056 342 eundem
1083 296 1252 340 missus
1278 299 1363 340 etc.
1419 293 1525 339 Uti-

152 386 256 415 nam
291 377 440 414 autem
474 374 642 412 extaret
667 369 828 412 iustum
858 366 973 410 illud
1004 381 1135 424 opus,
1168 365 1215 408 in
1235 363 1359 423 quod
1382 363 1525 408 multa

114 452 116 458 ⁴
154 438 346 484 dicenda
378 443 583 491 reservat,
603 436 681 481 hic
709 435 930 488 festinans,
961 441 1010 485 ¹et
1044 434 1165 479 velut
1197 448 1267 478 res
1300 433 1344 476 in
1379 439 1522 476 trans-

153 508 218 551 itu
249 513 420 550 tantum
452 504 661 550 indicans.
730 503 955 561 Promittit
989 504 1124 547 etiam
1157 501 1216 546 de
1251 500 1376 546 bello
1401 502 1522 544 Pan-

153 575 315 620 nonico
347 575 460 618 iusta
493 572 720 617 volumina
754 571 911 615 ordine
946 571 1095 614 omnia
1126 577 1401 614 narraturus:
1434 569 1521 613 sed

154 643 295 698 addit,
327 648 379 686 ut
409 656 556 701 spero.
625 639 822 691 Proinde
855 639 1113 684 coniicimus
1148 640 1252 683 eum
1285 639 1377 682 tale
1410 637 1521 696 quid

94 701 101 706 ’
152 711 438 756 meditantem
472 715 616 753 morte
650 709 785 753 fuisse
818 708 1065 763 sublatum,
1114 722 1231 765 quae
1275 708 1525 766 plerunque

107 825 116 838 ἱ
153 778 323 840 gaudet
364 793 434 841 res
476 778 729 837 praeclaras
773 776 1007 836 impedire.
1071 775 1255 833 Alioqui
1287 790 1377 819 non
1410 776 1525 820 taci-

80 886 83 887 ⁷
152 855 272 892 turus
302 852 396 891 erat
429 844 618 901 Fabius,
663 846 910 890 Historicos
943 846 1168 902 utriusque
1202 844 1382 904 linguae
1416 859 1525 889 cen—

152 930 274 960 sens:
308 930 442 973 quem
478 915 615 959 miror
647 914 780 958 huius
807 914 955 973 operis
990 913 1050 957 ad
1084 913 1151 956 M.
1173 911 1396 957 Vinicium
1431 928 1522 956 non

152 983 412 1028 meminisse.
482 983 576 1027 Sed
610 998 778 1043 genera
810 988 979 1026 tantum
1011 983 1088 1027 ille
1122 981 1395 1042 degustavit,
1430 996 1521 1026 non

153 1053 339 1098 excussit
371 1047 690 1109 bibliothecas,
733 1051 782 1095 id
823 1051 948 1109 quod
991 1051 1087 1110 ipse
1130 1051 1325 1110 ingenue
1372 1050 1431 1094 de
1472 1065 1520 1094 se

151 1127 346 1166 testatur.
412 1120 525 1164 Meo
560 1136 662 1164 sane
695 1120 862 1165 iudicio
905 1120 1016 1163 nulli
1050 1119 1267 1164 secundus
1310 1126 1374 1163 est
1407 1119 1521 1162 Vel-

152 1189 263 1234 leius
294 1190 409 1233 inter
437 1189 648 1246 Latinos,
682 1197 774 1232 tam
810 1195 875 1233 est
907 1194 1049 1232 castus
1083 1202 1138 1232 ac
1171 1188 1332 1232 nitidus
1366 1188 1410 1230 in
1446 1187 1520 1231 di-

153 1257 324 1316 cendo,
379 1258 491 1301 mira
532 1259 618 1301 stili
651 1257 924 1302 iucunditate
959 1272 1012 1302 ac
1047 1257 1286 1302 clarissimo
1322 1257 1520 1302 candore

153 1325 404 1386 praeditus,
461 1341 569 1384 quas
617 1327 746 1370 dotes
806 1326 864 1370 T.
908 1326 1038 1370 Livio
1089 1325 1255 1369 Fabius
1314 1325 1518 1385 assignat.

154 1394 295 1450 Quod
336 1395 374 1438 si
415 1396 579 1439 modus
620 1395 751 1440 huius
793 1395 941 1453 operis
982 1394 1225 1440 'conciones
1267 1394 1521 1454 recepisset,

154 1463 314 1523 clarius
366 1461 491 1507 haud
536 1463 672 1508 dubie
720 1463 987 1507 declarasset
1037 1462 1335 1521 eloquentiam
1380 1478 1521 1518 suam,

156 1532 280 1575 cuius
323 1536 475 1576 tamen
520 1531 597 1576 hic
649 1532 749 1576 satis
793 1531 971 1575 abunde
1016 1531 1335 1576 documentum
1379 1531 1520 1575 dedit.

155 1599 271 1642 Nam
303 1599 413 1656 quid
455 1600 531 1643 illa
576 1599 921 1659 digressiuncula
965 1615 1054 1658 qua
1096 1600 1142 1643 in
1175 1599 1243 1643 M.
1277 1600 1522 1644 Antonium

156 1666 381 1712 Ciceronis
424 1668 722 1728 iugulatorem
765 1669 1009 1725 exclamat,
1061 1669 1135 1713 vel
1178 1669 1392 1724 ornatius,
1446 1669 1521 1712 vel

154 1736 345 1794 gravius,
374 1736 448 1780 vel
483 1736 678 1780 acutius?
712 1736 1071 1787 Tractandorum
1105 1736 1349 1781 affectuum
1380 1737 1519 1781 dubio

154 1804 316 1862 procul
358 1805 543 1865 egregie
576 1805 743 1863 peritus
787 1805 884 1849 fuit.
950 1806 1046 1849 lam
1090 1811 1139 1850 ut
1182 1811 1352 1850 constet
1398 1807 1522 1864 quis-

155 1887 255 1916 nam
288 1872 354 1916 M.
388 1873 469 1917 iste
503 1873 697 1918 Vinicius
724 1866 886 1929 fuerit,
921 1874 994 1919 cui
1027 1889 1151 1918 suam
1184 1873 1416 1918 historiam
1450 1875 1520 1917 in-

153 1942 325 2000 scripsit
357 1941 581 1997 Velleius,
623 1941 872 1987 adscribam
916 1943 1065 1988 Taciti
1105 1943 1242 1987 verba
1276 1958 1330 1988 ex
1363 1945 1518 2001 quinto

152 2009 269 2065 libro
314 2008 526 2054 historiae
570 2011 813 2070 Augustae.
890 2010 1066 2056 Vinicio
1103 2011 1406 2070 oppidanum,
1448 2013 1519 2056 in-

153 2078 272 2135 quit,
308 2092 461 2137 genus.
529 2078 728 2123 Callibus
769 2084 914 2134 ortus,
947 2087 1076 2140 patre
1110 2087 1244 2138 atque
1288 2095 1371 2124 avo
1392 2095 1518 2142 *con-

153 2146 392 2204 sularibns,
436 2154 611 2191 caetera
657 2148 846 2205 equestri
879 2148 1047 2192 familia
1081 2156 1193 2201 erat,
1239 2150 1355 2192 mitis
1386 2149 1517 2209 inge-

153 2214 227 2258 nio
273 2221 318 2258 et
359 2222 567 2274 comptae
609 2216 856 2262 facundiae.
946 2218 1066 2262 Huic
1114 2217 1274 2262 Iuliam
1333 2225 1515 2276 neptem

153 2298 277 2327 suam
335 2282 604 2329 Germanico
658 2285 855 2345 genitam
897 2285 1002 2333 Tib.
1059 2286 1222 2337 Caesar
1273 2287 1513 2345 copulavit.

152 2351 282 2396 Haec
313 2351 402 2399 ille.
438 2352 544 2396 Fuit
576 2353 723 2411 itaque
752 2368 980 2413 progener
1012 2354 1118 2398 Tib.
1153 2354 1366 2409 Caesaris,
1401 2370 1515 2412 quos

152 2418 230 2463 ille
262 2426 452 2479 quatuor
484 2419 662 2475 habuit,
705 2422 840 2466 Hunc
887 2428 932 2465 et
966 2422 1054 2468 Gn.
1097 2423 1366 2477 Domitium,
1402 2424 1514 2468 Cas—

154 2487 266 2532 sium
298 2488 579 2547 Longinum,
622 2495 665 2533 et
708 2491 968 2534 Rubellium
1009 2491 1250 2535 Blandum.
1319 2491 1386 2535 M.
1430 2492 1516 2536 Vi-

152 2555 254 2600 nicii
291 2558 491 2601 meminit
534 2557 668 2602 etiam
700 2558 886 2603 Seneca.
956 2560 1029 2603 An
1063 2574 1170 2603 vero
1204 2573 1294 2603 non
1330 2566 1397 2604 est
1430 2561 1517 2604 im-

153 2624 419 2670 mortalitate
466 2625 634 2671 donare
650 2659 665 2683 ,
717 2642 893 2687 semper
942 2628 1157 2674 victurum
1204 2642 1319 2689 opus
1365 2630 1517 2676 inscri-
