1728 3054
426 222 728 271 ANNAt-AEs
765 226 1141 269 VELLEIANI
1354 230 1470 268 xmn

97 342 210 385 ribus
235 354 283 383 se
311 346 521 396 aequatum
550 342 759 390 observat,
797 340 877 381 hoe
913 340 1002 394 ipso
1029 339 1215 389 nomine,
1241 339 1352 392 quod
1378 353 1473 394 par-

98 404 183 440 tem
220 399 421 440 exercitus
459 400 509 439 ab
549 398 649 442 urbe
690 397 827 439 traditi
866 397 917 436 ab
946 396 1129 448 Augusto
1158 397 1391 450 perduxerit
1419 397 1473 437 ad

98 457 227 496 filium
254 456 353 499 eius.
381 456 471 498 Hoc
501 455 663 495 nomine
690 467 736 494 se
767 453 1070 505 Quaestoribus,
1091 454 1160 505 qui
1185 453 1313 493 infimi
1341 455 1472 493 omni-

99 526 168 553 um
197 516 311 553 eraut
338 517 560 559 senatores,
589 514 802 563 aequatum
819 509 971 558 innuit;
994 522 1074 550 nec
1094 504 1312 563 designatis
1337 511 1472 563 modo,

101 582 238 620 verum
274 568 396 619 etiam
433 567 705 619 magistratum
750 566 864 605 illum
911 567 1183 619 quaestorium
1218 567 1472 614 obeuntibus„

101 625 165 666 lta
192 625 377 667 nimirum
405 628 619 676 quaestura
655 622 929 676 superioribus
957 622 1189 674 designata,
1228 628 1274 664 ut
1309 623 1474 676 daho&

101 694 243 731 uorem¹
284 679 522 735 quaesturae
556 680 785 733 proximum
822 678 1152 732 superioremque
1190 678 1363 720 fuissent
1381 681 1473 735 ⁴‹le-,-

101 736 264 790 signati,
301 737 549 777 tribunatum
583 736 753 776 scilicet.
820 735 890 776 Sic
926 735 1034 775 enim
1069 736 1314 776 tribunatum
1337 736 1474 790 >pleb'u

100 798 330 846 quaestura
347 793 595 846 superiorem
632 791 909 845 probavimuS,
937 788 980 845 *)
1030 796 1076 831 ut
1122 798 1377 844 quaesturam
1412 798 1476 834 ta-

98 863 193 897 mea
227 849 410 902 'proxime
445 849 663 902 exceperit.
730 849 785 889 Et
826 853 963 889 tamen
1001 848 1235 900 designatus
1271 849 1476 893 Tribunus

98 905 229 960 plebis
254 905 336 946 iam
363 905 495 946 adhuc
523 907 722 958 Quaestor
757 905 891 945 fuerat
927 905 968 945 in
996 906 1232 957 magistratu
1259 905 1352 958 ipso
1379 920 1476 957 cou-

99 963 284 1011 stitutus,
317 965 361 1002 et
399 961 570 1016 proinde
608 963 806 1014 Quaestor
843 962 1052 1015 plusquam
1090 962 1340 1014 designatus.
1396 963 1478 1003 lta-

100 1032 181 1073 que
206 1018 391 1059 militiam
420 1031 533 1060 suam
560 1019 688 1068 illam,
715 1032 794 1070 qua
820 1019 928 1072 parti
957 1018 1159 1058 exercitus
1185 1019 1236 1058 ad
1264 1018 1477 1060 Tiberium

100 1075 315 1120 deferendi
341 1072 571 1129 praefectus
601 1081 689 1127 est,
718 1068 900 1127 equesti'i
927 1087 1020 1123 sua,
1035 1074 1190 1115 itidem
1217 1075 1381 1127 militia,
1409 1090 1478 1116 su-

100 1132 301 1185 periorem
331 1133 535 1183 agnoscit,
570 1137 612 1172 et
649 1132 821 1186 proinde
856 1131 1109 1172 senatoriam.
1166 1131 1266 1172 Inde
1294 1132 1476 1173 ministe-

100 1189 204 1233 rium
240 1187 341 1228 illud
377 1202 495 1228 suum
533 1189 760 1241 speciosum
795 1188 925 1238 fuisse
954 1188 1076 1236 dicit,
1128 1188 1237 1240 quod
1275 1189 1477 1240 Quaestor

101 1245 308 1285 dumtaxat
343 1244 599 1296 designatus,
635 1258 712 1285 nec
740 1245 843 1286 adeo
875 1244 1006 1285 adhuc
1035 1246 1232 1293 Senator,
1269 1245 1478 1286 Senatori-

102 1301 193 1347 bns¹
212 1301 397 1352 verisque
434 1302 723 1352 Quaestoribus
759 1302 907 1350 fuerit,
947 1314 1022 1354 per
1058 1301 1157 1341 illud
1192 1302 1477 1352 ministerium,

102 1364 307 1411 aequatus.
348 1357 489 1403 ,Immo
526 1358 584 1398 ita
617 1358 928 1409 Quaestoribus,
965 1362 1011 1396 ut
1048 1371 1101 1398 ne
1137 1359 1302 1410 quidem
1344 1360 1478 1411 Quae-

102 1415 319 1462 storiorum
356 1415 528 1463 summi,
579 1412 851 1466 Tribunisque
897 1413 1094 1467 proximi,
1139 1416 1192 1454 ad
1230 1415 1478 1456 tribunatum
1546 1422 1550 1429 '

103 1471 251 1524 quippe
283 1465 496 1522 designati,
524 1472 853 1523 Quaesturaeque
881 1470 1050 1522 gradum
1078 1471 1169 1511 fere
1197 1473 1374 1523 egressi,
1401 1473 1476 1512 mi-

104 1527 313 1567 nisterium
352 1527 453 1569 illud
492 1527 644 1567 fuerint
679 1527 946 1577 dedignaturi.
1013 1527 1082 1567 Sic
1126 1528 1249 1568 facile
1286 1529 1479 1581 intelligi-

104 1596 215 1632 mus,
251 1583 545 1634 praefecturam
573 1584 684 1623 illam
713 1583 916 1624 exercitus
944 1583 996 1622 ad
1025 1583 1234 1623 Tiberium
1263 1585 1480 1626 deferendi

105 1652 186 1683 non
229 1638 316 1678 aliis
353 1639 466 1679 credi
504 1640 687 1688 solitam,
726 1653 844 1691 quam
884 1640 1146 1680 Senatoribus
1183 1642 1250 1680 ad·
1270 1642 1479 1682 minimum

107 1694 358 1750 quaestoriis.
423 1697 493 1750 Sic
531 1696 814 1751 intelligimus,
854 1696 1031 1736 nobilem
1066 1697 1197 1737 fuisse
1226 1696 1374 1738 Velleii
1416 1699 1480 1739 fa-

106 1752 281 1804 miliam,
317 1750 598 1801 cuius-militia
624 1753 755 1806 prima
782 1765 861 1792 non
890 1753 1113 1806 gregalium
1141 1753 1267 1794 fuerit
1294 1755 1480 1805 militum,

106 1808 180 1850 sed
221 1808 441 1859 equestris;
477 1809 589 1848 cuius
625 1809 801 1848 honores
842 1809 990 1848 deinde
1034 1809 1204 1861 legimus
1240 1813 1480 1862 senatorios,

106 1865 194 1917 sine
221 1864 425 1904 mentione
451 1869 586 1905 tamen
604 1865 816 1918 impetrati
842 1865 1042 1914 laticlavii,
1072 1867 1179 1918 quod
1206 1867 1277 1907 ille
1305 1869 1366 1908 ius
1397 1870 1480 1908 avi-

106 1924 194 1963 tum
237 1934 263 1965 a
300 1921 514 1961 maioribus
559 1927 782 1975 acceperat.
847 1922 947 1962 Inde
993 1927 1035 1962 et
1074 1923 1255 1975 legitimo
1294 1929 1481 1977 tempore

107 1977 213 2018 hanc
249 1975 400 2019 Veueii
434 1978 699 2029 Quaesturam
737 1977 866 2018 fuisse
903 1979 1113 2027 discimus,
1151 1981 1258 2031 quod
1296 1982 1480 2034 proxime

106 2034 290 2076 militiam
317 2034 403 2074 eius
433 2041 662 2087 equestrem
698 2036 924 2088 exceperit,
968 2049 1020 2074 ne
1053 2036 1214 2087 quidem
1248 2037 1379 2089 ipsam
1408 2039 1482 2078 sti-

107 2090 286 2144 pendiis,
322 2095 368 2130 ut
394 2091 574 2141 videtur,
610 2092 801 2145 legitimis
829 2093 1149 2144 protractiorem.
1216 2094 1316 2133 lude
1344 2099 1479 2157 qetate

108 2147 334 2198 quaestoria
371 2149 649 2200 senatoriaque
694 2162 772 2188 uno
819 2148 946 2189 fuisse
979 2162 1085 2189 auno
1122 2150 1341 2198 iuniorem,
1386 2164 1480 2191 cum

108 2203 333 2254 Quaestum
362 2204 448 2244 eius
485 2204 609 2246 fuerit
644 2205 850 2245 dumtaxat
888 2205 1118 2258 designata,
1155 2219 1258 2247 auno
1290 2207 1481 2248 nimirum

108 2260 293 2311 sequenti
321 2260 532 2309 obeunda;
574 2275 664 2302 cum
705 2262 825 2302 etiam
862 2261 953 2301 talis
985 2263 1136 2311 fuerit,
1169 2277 1272 2315 quae
1301 2265 1480 2304 noudum

107 2316 221 2356 illum
251 2316 407 2356 fecerat
435 2323 687 2366 senatorem;
732 2331 823 2358 cum
861 2318 1035 2370 denique
1064 2320 1263 2371 stipendia
1293 2321 1379 2361 eius
1409 2320 1482 2360 de-

109 2386 198 2413 cem
223 2387 247 2412 a
276 2376 396 2425 togae
424 2373 547 2415 virilis
570 2379 726 2423 aetate,
755 2387 940 2426 annoque
969 2375 1072 2414 adeo
1097 2375 1206 2417 XIV.
1224 2377 1388 2428 expleto
1408 2390 1483 2416 nu·-

110 2429 301 2469 meranda
328 2431 555 2482 exceperit,
598 2444 676 2483 quo
707 2431 935 2471 tirocinium
966 2432 1069 2472 inire
1097 2437 1143 2472 ut
1171 2433 1387 2485 plurimum
1416 2445 1485 2473 so-

111 2485 258 2525 lebant.
315 2486 375 2526 lta
410 2489 650 2537 conveniunt
678 2488 832 2536 omnia,
882 2492 928 2528 ut
954 2489 1185 2540 praedictus
1214 2490 1324 2531 urbis
1358 2501 1485 2530 annus

110 2540 380 2582 Varronianus
409 2546 504 2586 759.
535 2558 626 2584 cum
654 2557 757 2585 anno
786 2544 930 2585 aetatis
958 2543 1107 2585 Velleii
1135 2545 1283 2587 XXIV.
1313 2553 1485 2586 concur-

112 2598 211 2637 rerit
238 2598 448 2651 explendo.
505 2601 573 2642 Sic
601 2605 716 2642 natus
739 2601 865 2641 fuerit
893 2613 995 2643 anno
1027 2602 1209 2645 eiusdem
1238 2615 1358 2644 aerae
1384 2604 1483 2645 735.

113 2659 250 2695 noster
276 2654 467 2697 Velleius.

204 2764 238 2808 *)
263 2764 375 2800 Prael-
407 2767 484 2802 xli.
517 2768 561 2802 ad
585 2767 701 2812 Spart.
725 2768 864 2805 Adrian.
896 2771 928 2813 5.
954 2769 988 2806 4.
1010 2768 1045 2805 5.
