1728 3054
258 167 343 208 208
565 163 611 204 G.
640 161 915 205 VELLEII
959 163 1350 208 PATERGULI

257 284 381 323 sente
416 276 700 322 dimicassent
734 277 877 336 duce,
923 293 1062 339 aegre
1103 279 1339 324 summissis
1373 281 1505 325 armis
1538 295 1638 326 ces-

256 362 353 391 sere
404 345 661 400 victoriam3
718 348 936 406 citiusque
982 348 1118 392 vitam
1163 348 1427 407 veniamque
1473 347 1639 394 Caesar

254 413 482 474 promisit,
518 429 654 472 quam
696 416 808 471 illis,
848 422 898 459 ut
932 431 986 461 ea
1019 423 1331 476 precarentur,
1378 431 1638 476 persuasum
1706 426 1709 428 '

257 490 333 529 est.
401 481 597 541 Fuitque
630 484 676 528 in
711 485 940 540 confesso,
992 484 1152 529 milites
1190 484 1350 546 optimi
1390 486 1640 545 imperato-

256 552 338 605 ris,
371 551 690 610 imperatorem
723 553 996 613 fugacissimi
1038 553 1183 597 militis
1226 554 1430 599 functum
1467 553 1664 599 officio.'

216 620 373 675 flQuis
417 620 616 680 dubitet,
673 637 781 678 suo,
833 638 890 666 an
936 622 1210 682 Cleopatrae
1255 623 1437 667 arbitrio
1491 623 1639 667 victo-

253 689 366 734 riam
415 695 742 749 temperaturus
797 690 952 746 fuerit,
1010 692 1089 749 qui
1144 690 1204 735 ad
1257 691 1349 736 eius
1408 691 1638 736 arbitrium

254 757 416 802 direxit
448 758 610 819 fugam
631 759 654 804 ?
719 759 850 804 Idem
885 760 1058 804 locatus
1108 760 1154 803 in
1199 762 1316 804 terra
1362 759 1472 805 fecit
1506 774 1638 804 exer-

252 827 385 882 citus,
422 841 526 872 cum
560 844 608 873 se
644 827 856 874 Canidius
890 828 1128 888 praecipiti
1169 829 1283 890 fuga
1326 829 1542 889 rapuisset
1575 827 1636 874 ad

250 897 511 942 Antonium.
652 928 657 931 ι

389 963 525 1010 cAP.
570 963 821 1010 LXXXVI.
869 963 994 1021 Quid
1028 964 1108 1009 1112
1142 961 1238 1019 dies
1280 969 1499 1009 terrarum
1533 951 1635 1009 orti}

250 1033 543 1094 praestiterit,
580 1048 635 1078 ex
669 1026 762 1092 quo
795 1034 842 1078 in
875 1049 1011 1093 quem
1045 1039 1206 1079 statum
1239 1034 1491 1093 pervenerit
1532 1033 1635 1076 for-

258 1109 365 1146 tuna
416 1103 624 1162 publica,
676 1103 774 1162 quis
820 1103 866 1147 in
917 1103 1010 1149 hoc
1046 1109 1308 1147 transcursu
1357 1108 1451 1146 tam
1504 1100 1634 1145 artati

209 1171 402 1230 2operis
447 1172 698 1231 exprimere
743 1171 942 1216 audeat?
1002 1171 1201 1215 Victoria
1245 1184 1354 1217 vero
1408 1171 1493 1215 fuit
1537 1171 1635 1215 cle-

249 1240 538 1293 mentissima3
581 1254 666 1284 nec
709 1242 945 1298 quisquam
986 1241 1274 1299 interemptus
1320 1245 1406 1283 est:
1452 1239 1634 1299 paucis-

250 1305 375 1364 simi,
413 1315 458 1352 et
490 1309 565 1367 hi,
611 1309 690 1366 qui
725 1308 962 1368 deprecari
995 1309 1180 1368 quidem
1209 1322 1300 1368 pro
1336 1323 1384 1352 se
1427 1323 1517 1352 non
1552 1323 1630 1353 su-

251 1380 474 1423 stinerent.
554 1376 627 1420 Ex
681 1392 770 1435 qua
822 1377 1004 1421 lenitate
1041 1376 1194 1421 *ducis
1253 1376 1412 1435 colligi
1469 1376 1634 1436 potuit,

249 1463 386 1506 quem
421 1450 498 1491 aut
530 1445 655 1490 initio
690 1446 984 1491 triumviratus
1019 1445 1104 1501 sui,
1140 1449 1217 1488 aut
1247 1445 1293 1489 in
1318 1445 1489 1504 campis
1518 1445 1634 1489 Phi-

247 1508 424 1578 lippiis,
460 1515 496 1560 si
530 1514 593 1561 sic
625 1515 839 1574 licuisset,
874 1514 1089 1561 victoriae
1123 1529 1228 1559 suae
1262 1514 1458 1563 facturus
1499 1513 1635 1558 fuerit

977 1646 1158 1692 deprecari
1201 1646 1351 1692 quidem.
1402 1644 1633 1681 Clementiam

976 1705 1078 1729 suam
1101 1704 1188 1738 erga
1209 1693 1321 1727 victos
1343 1692 1437 1727 cives
1458 1693 1535 1737 ipse
1556 1694 1633 1727 Au-

976 1745 1102 1786 gustus
1122 1739 1299 1783 praedicat
1328 1738 1365 1773 in
1388 1740 1536 1775 Monim.
1560 1741 1633 1773 An·-

977 1798 1050 1832 cyr.
1082 1797 1166 1832 pag.
1202 1785 1282 1820 172.
1312 1784 1486 1831 victorque
1519 1785 1632 1819 omni-

297 1651 330 1692 §.
361 1646 396 1683 5.
431 1647 620 1682 summissis
660 1648 778 1683 armis.
820 1642 910 1682 vide

250 1695 503 1778 ξᾷἶζῖιεῖεοίυω
526 1696 571 1730 ad
594 1694 770 1730 Ammian.
795 1695 911 1730 Marc.

297 1792 330 1832 g.
353 1788 388 1822 6.
418 1786 550 1821 videbit
573 1797 592 1820 e
614 1797 687 1820 suo.
711 1785 831 1829 Alias,
854 1787 911 1821 vi·

218 1834 221 1837 ’
251 1835 353 1869 derit.
379 1834 546 1869 Rursum.
566 1832 659 1866 Mihi
685 1833 811 1866 melius
833 1833 913 1876 pla-

252 1885 307 1916 cet
330 1885 368 1914 ut
390 1880 548 1924 legatur:
572 1884 611 1913 ut
635 1879 768 1914 dubites
790 1890 908 1924 suone,

252 1939 302 1962 an
336 1927 541 1969 Cleopatrae
564 1929 630 1958 etc.
665 1925 807 1960 Bolum.
835 1925 908 1959 Lo-

252 1985 315 2008 cus
337 1972 437 2006 varie
457 1974 617 2005 tentatus.
635 1971 801 2015 Repone:
823 1971 908 2013 Quis

253 2020 398 2060 dubitet,
421 2030 494 2059 suo,
517 2029 564 2051 un
584 2017 788 2061 Cleopatrae
811 2017 906 2051 arbi-

253 2068 322 2102 trio
345 2064 524 2099 victoriam
554 2068 806 2107 temperaturus
821 2066 907 2107 fue-

253 2112 328 2148 rit?
361 2111 401 2145 Id
432 2108 733 2153 simplicissimum
765 2115 838 2151 est,
871 2113 907 2145 et

252 2158 412 2204 proximo
435 2155 573 2191 accedit
594 2156 639 2189 ad
660 2155 830 2190 {editionis
853 2167 907 2199 pr.

252 2205 423 2251 vestigia:
446 2198 575 2236 videbit
599 2199 617 2235 e
639 2213 712 2244 suo,
737 2214 784 2236 an
809 2202 906 2236 Cleo-

277 2258 378 2288 atrae
408 2268 456 2275 ——
488 2253 739 2293 temperaturus
770 2251 907 2293 suerat.

269 2305 374 2346 taque
395 2296 523 2345 recepi.

297 2348 399 2382 CAP.
415 2339 605 2382 LXXXVI.
630 2340 707 2389 §.2
731 2341 907 2397 nec-qui&-

248 2407 353 2440 quam
372 2394 596 2436 interemptus
619 2396 690 2426 est.-
706 2399 906 2435 paucisszmz

247 2446 314 2475 ete.
351 2440 475 2475 Editor
505 2438 616 2473 Basil.
647 2437 803 2482 scripsit&
842 2448 905 2472 nec

247 2488 424 2532 quisquam
447 2486 693 2528 interemptus,
725 2485 794 2518 nisi
813 2495 906 2528 pau-

247 2535 385 2567 cissimi.
410 2531 535 2566 Verior
557 2535 608 2565 est
626 2530 821 2564 emendatio
841 2541 905 2564 no-

246 2583 340 2614 stra:
373 2591 435 2613 nec
467 2578 648 2623 quisquam
679 2577 904 2621 interemptus

247 2630 318 2667 est,
339 2624 557 2669 paucissimis
581 2623 752 2668 eoeccptis,
779 2624 838 2668 qui
859 2632 904 2657 ne

246 2672 428 2715 deprecari
450 2671 588 2715 quidem
609 2681 673 2714 pro
697 2680 734 2704 se
757 2670 902 2704 sustine-

245 2722 336 2754 rent.
383 2715 548 2753 Heinsius
578 2716 686 2752 etiam
715 2715 826 2761 legitz
857 2725 903 2751 ne

977 1834 1039 1867 bus
1061 1833 1268 1877 supplicibus
1285 1831 1414 1865 civibus
1434 1833 1583 1876 peperci.

1021 1879 1052 1912 si
1080 1880 1129 1912 sic
1161 1879 1320 1912 licuisset.
1346 1878 1562 1912 vascosanus
1579 1877 1630 1911 sic

974 1925 1161 1970 expungit,
1200 1935 1259 1958 me
1300 1934 1370 1958 non
1410 1923 1534 1958 invito.
1572 1924 1630 1958 Ex

971 1971 1064 2005 Anu.

1019 2016 1183 2050 victoriae
1213 2025 1299 2050 suae
1324 2017 1488 2059 sactum
1502 2015 1630 2060 suerit.

974 2061 1120 2097 Videtur
1149 2063 1266 2096 deesse
1296 2062 1446 2103 modum.
1477 2061 1524 2096 Et
1555 2061 1629 2104 hic,

973 2113 1013 2143 ut
1036 2109 1196 2149 videtur,
1232 2108 1345 2142 multa
1368 2109 1502 2143 desunt.
1525 2108 1630 2142 Run-

974 2166 1060 2191 lun.
1094 2154 1190 2189 Mihi
1229 2155 1281 2190 sie
1311 2154 1499 2199 legendum
1523 2154 1630 2188 ¹vide-

973 2205 1052 2236 tur:
1085 2213 1185 2247 quem
1208 2206 1326 2235 autem
1347 2200 1447 2235 initio
1468 2200 1629 2235 triumvi-

973 2252 1073 2282 mtus
1103 2248 1181 2289 sui,
1221 2252 1284 2282 aut
1313 2247 1351 2280 in
1381 2247 1512 2291 campis
1542 2246 1630 2280 Phi-
1697 2251 1700 2254 “

973 2295 1111 2339 lippiis,
1157 2294 1189 2328 si
1233 2285 1405 2335 licuisset,
1460 2293 1628 2327 victoriae
1697 2329 1702 2342 Ι

972 2352 1057 2375 suae
1081 2343 1244 2385 facturus
1266 2336 1382 2382 suerit
1402 2339 1627 2383 triumphum.

971 2387 1116 2422 Bonan.
1130 2386 1201 2420 Pro
1214 2385 1393 2430 Philippiis
1413 2385 1538 2419 Editor
1551 2385 1628 2419 Ba-

971 2433 1028 2471 flil.
1062 2433 1158 2467 dedit
1191 2432 1403 2476 Philippicis.
1443 2431 1512 2465 Sed
1544 2430 1627 2465 vide

970 2491 1061 2526 quae
1083 2478 1280 2515 notavimus
1297 2478 1343 2512 ad
1364 2478 1393 2511 1.
1416 2474 1452 2512 5.
1475 2477 1512 2512 3.
1540 2478 1626 2512 Mox

971 2529 1162 2562 Rhenanus
1191 2526 1279 2560 beno
1308 2524 1448 2559 modum
1478 2523 1626 2567 supplet.

971 2575 1114 2609 Sallust.
1139 2574 1215 2608 cat.
1239 2571 1298 2606 24.
1329 2571 1389 2605 uba·
1421 2574 1522 2604 aetas
1544 2574 1627 2604 tan-

970 2620 1144 2655 tummodo
1168 2617 1347 2664 quaestui,
1381 2627 1491 2661 neque
1522 2616 1625 2649 luxu-

969 2667 1046 2701 riae
1085 2667 1225 2701 modum
1251 2666 1401 2709 fecerat.
1441 2659 1503 2696 ubi
1542 2661 1625 2695 vide

969 2712 1142 2750 Cos-tium.
1183 2709 1351 2756 Alioquin
1363 2747 1367 2752 ,
1384 2707 1492 2745 etiam
1512 2708 1624 2753 finem
