1728 3054
510 183 1034 234 PRAEFATIQ
1397 188 1478 232 xlx

96 319 188 359 non
219 302 309 357 alia
342 301 402 348 de
435 316 588 348 caussa
620 300 856 362 scripsisse,
890 299 973 345 nisi
1004 304 1056 345 ut
1088 297 1289 362 Tiberii,4
1309 296 1474 354 Seiani,

97 380 143 420 et
175 373 366 418 aliorum
397 370 632 416 hominum
676 370 990 430 primariorum
1033 369 1223 428 gratiam
1267 382 1471 426 aucupa-

93 448 230 487 retur.
299 440 469 486 Verum
514 440 612 498 quis
657 438 837 494 credat,
881 437 1106 488 Velleium
1149 443 1242 481 tam
1286 436 1468 481 stultum

94 511 253 566 fuisse,
295 515 369 564 ut,
402 523 507 555 cum
534 507 595 552 ad
628 507 804 552 Tiberii
836 506 1076 550 amicitiam
1110 520 1320 565 arrepere
1354 519 1468 550 cou-

98 579 324 633 stituisset,
375 576 426 620 id
458 591 548 621 non
581 574 916 636 compendiaria
947 574 1019 619 via
1052 573 1244 629 faceret,
1290 574 1466 628 libello,

94 653 146 692 nt
176 646 270 691 hoc
301 649 427 699 utar,
462 644 522 688 de
552 645 683 689 rebus
717 638 868 704 gestis
884 641 1058 687 Tiberii
1089 641 1349 699 scribendo,
1384 642 1467 694 sed

94 720 331 772 antequam
374 712 435 758 ad
478 712 656 758 Tiberii
699 711 856 757 laudes
897 711 1171 770 perveniret,
1216 726 1302 771 per
1341 711 1465 756 mille

92 784 308 842 ambages
333 772 502 837 infinita
531 780 784 826 seculorum
811 780 955 839 spatia
983 778 1336 839 pervagaretur?
1361 779 1465 824 Ad-

92 851 160 896 dit
198 850 430 905 Heinsius»,
475 849 666 895 eundem
705 864 797 894 nou
838 848 929 893 alio
965 848 1151 894 consilio
1183 863 1254 893 res
1287 848 1464 892 Roma-

90 935 170 964 nas
201 934 230 963 a
262 918 461 964 Troiano
496 918 670 964 excidio
706 923 751 963 et
784 917 1006 962 erroribus
1038 917 1242 973 Aeneae,
1277 917 1355 976 qui
1383 917 1463 961 Eu-

90 988 180 1033 liae
211 987 448 1032 nobilitatis
481 993 637 1032 auctor
678 986 857 1041 fuisset,
910 985 970 1029 ad
1008 990 1217 1047 tempora
1255 1001 1334 1030 sua
1376 984 1464 1030 de-
1494 996 1499 1000 ’

93 1055 291 1111 duxisse,
334 1055 416 1101 nisi
457 1058 507 1099 ut
549 1054 674 1115 apud
715 1054 975 1110 Tiberium,
1019 1054 1097 1112 qui
1139 1053 1385 1114 adoptione
1416 1055 1464 1099 in

91 1131 273 1185 gentem
305 1124 464 1174 Iuliam
496 1124 737 1179 transisset,
770 1124 990 1184 gratiosus
1018 1123 1158 1167 fieret.
1227 1122 1324 1169 Sed
1367 1122 1462 1169 hoc

94 1199 160 1238 est
188 1192 387 1254 fingere,
431 1207 522 1238 non
562 1193 879 1240 demonstrare.
947 1191 1069 1250 NoS‚
1112 1190 1233 1237 uude
1266 1191 1464 1237 Velleius

90 1260 319 1307 historiam
352 1276 477 1307 orsus
520 1261 595 1321 sit,
638 1261 855 1306 nescimus
868 1294 882 1317 ,
927 1260 1053 1304 initio
1085 1261 1222 1320 primi
1253 1260 1357 1305 libri
1390 1262 1463 1306 in-

91 1336 308 1389 tercepto.
373 1330 536 1388 Atqui,
579 1329 616 1374 si
647 1329 948 1381 Troianorum
981 1343 1152 1375 errores
1182 1330 1462 1387 memoravit,

91 1398 140 1443 id
172 1398 282 1443 fecit
314 1412 370 1443 eo
402 1399 590 1445 consilio
603 1430 617 1454 ,
650 1413 743 1457 quo
778 1398 1058 1444 Graecorum
1093 1413 1264 1444 errores
1296 1398 1462 1460 attigit,

91 1468 142 1511 ut
172 1466 397 1512 civitatum
435 1467 494 1511 ab
532 1467 619 1511 illis
662 1466 941 1513 conditarum
975 1466 1226 1527 primordia
1268 1466 1461 1513 demon—

92 1540 261 1580 straret.
328 1534 493 1580 Levior
526 1541 591 1580 est
621 1535 798 1580 Barthii
833 1535 969 1590 ratio,
1012 1550 1098 1587 nec
1131 1536 1293 1597 digna,
1341 1550 1461 1595 quae

91 1602 344 1658 refellatur,
398 1604 471 1650 cui
521 1603 706 1649 Advers.
760 1603 857 1648 Lx.
913 1602 959 1648 6.
1024 1603 1222 1649 Velleius
1274 1609 1460 1655 tantum

91 1685 375 1731 praeconem
406 1671 613 1716 Romani
655 1672 850 1717 nomi-nis
885 1685 1039 1733 agere
1076 1672 1275 1732 videtur,
1309 1678 1362 1719 ut
1401 1688 1457 1720 eo

90 1739 189 1784 solo
224 1738 337 1801 fine
372 1741 614 1800 scripsisse
657 1741 811 1786 videri
843 1741 1006 1801 possit.
1074 1740 1126 1786 Si
1164 1741 1304 1802 igitur
1340 1742 1458 1789 haec

90 1803 297 1852 adulatio
326 1823 355 1853 a
391 1809 517 1853 nullo
559 1809 731 1869 gratiae
772 1810 988 1869 profecta·
1021 1815 1087 1854 est
1112 1811 1342 1870 aucupio,
1381 1826 1458 1857 re-

91 1876 327 1934 linquitur,
382 1883 431 1922 ut
472 1878 590 1922 saevi
634 1883 679 1923 et
725 1878 964 1937 suspicacis
1016 1877 1188 1923 domini
1233 1885 1357 1925 metu
1399 1881 1456 1926 sit

92 1959 306 2004 expressa.
371 1946 416 1990 A
449 1961 538 2004 qua
570 1947 826 1992 necessitate
862 1941 1084 1991 adulandi
1107 1961 1281 1994 caussas
1314 1948 1455 1995 'raci-

90 2017 158 2057 tus
199 2013 330 2059 etiam
374 2015 536 2074 repetit
578 2015 693 2059 Anu.
726 2015 763 2060 Ι.
799 2014 843 2059 l.
887 2015 1007 2060 forte
1039 2015 1265 2067 Velleium
1307 2019 1454 2077 respi-

91 2081 231 2127 ciens:
283 2080 476 2138 Tiberii,
528 2082 746 2144 Caiique‚
788 2088 836 2129 et
882 2083 1100 2142 Claudii,
1146 2099 1207 2131 ac
1250 2084 1454 2133 Neronis

89 2163 189 2204 res,
206 2148 490 2212 florentibus
514 2151 649 2212 ipsis,
684 2150 743 2197 ob
773 2157 947 2198 metum
971 2152 1156 2214 falsae.
1200 2153 1335 2202 Dicat
1366 2155 1454 2200 ali-

90 2217 188 2276 quis
222 2223 325 2264 ‘cum
356 2219 510 2279 Lipsio
544 2221 685 2280 Epist.
721 2220 903 2276 Quaest.
949 2222 1006 2266 V.
1041 2221 1120 2266 11.
1173 2221 1300 2268 Vera
1332 2225 1453 2269 scri-

90 2283 202 2331 bere
230 2287 272 2332 si
297 2302 387 2332 non
415 2288 568 2345 licuit,
590 2288 734 2350 salsa
757 2305 848 2335 mm
879 2289 1051 2335 debuit.
1097 2289 1250 2336 Nemo
1281 2292 1455 2338 silentii

90 2368 307 2400 caussam
345 2357 519 2402 reddit.
599 2358 661 2402 At
710 2357 772 2404 sic
814 2357 993 2403 Velleio
1037 2359 1083 2403 in
1117 2361 1210 2404 otio
1243 2361 1452 2410 inertissi—

90 2436 167 2468 mo
208 2425 609 2488 consenescendum
652 2426 828 2479 fuisset;
879 2427 1022 2486 qualis
1062 2427 1152 2472 vita
1194 2431 1369 2490 magnis
1409 2436 1455 2477 et

91 2491 263 2550 gloriae
296 2494 542 2552 cupiditate
575 2494 758 2540 incensis
791 2495 981 2556 ingeniis
1012 2511 1133 2542 mors
1177 2503 1264 2550 est;
1307 2513 1455 2557 neque

90 2558 274 2605 historia
311 2562 516 2607 Romana
558 2563 830 2624 attingenda.
905 2565 966 2610 Et
1009 2565 1107 2623 quis
1152 2570 1244 2609 tam
1287 2565 1456 2628 hospes

93 2633 158 2672 est
195 2629 241 2673 in
274 2628 513 2676 Caesarum
552 2630 759 2688 historia,
800 2632 907 2691 quin
949 2633 1080 2691 sciat,
1130 2633 1276 2693 ipsum
1320 2637 1455 2683 silen-

1116 2699 1180 2738 Β*
