1728 3054
335 210 601 256 111STOR.
628 209 786 253 Rom.
818 207 936 253 LIB.
962 210 1015 253 Π.
1051 208 1188 252 GAP.
1216 212 1287 254 16.

1444 213 1499 254 71

134 327 251 374 atavi
283 326 399 384 mei,
441 326 772 383 Asculanensis,
814 325 1100 371 tribuendum
1134 331 1199 371 est
1232 324 1500 370 memoriae:

129 397 207 456 qui
240 411 381 456 nepos
414 395 542 465 Decii
575 395 744 455 Magii,
785 393 1118 454 Campanorum
1151 394 1385 455 principis,
1420 409 1499 439 ce-

128 465 353 510 leberrimi
379 470 423 509 et
449 463 692 508 fidelissimi
714 462 820 519 viri,
856 468 1023 507 tantam
1052 461 1144 509 hoc
1176 463 1300 508 bello
1327 464 1499 507 Roma-

127 535 195 578 nis
217 533 356 578 fidem
373 533 600 592 praestitit,
621 538 670 575 ut
704 545 807 576 cum
841 531 1036 590 legione,
1056 547 1190 590 quam
1208 533 1307 591 ipse
1326 531 1371 575 in
1390 531 1499 598 Hir-

127 602 244 662 pinis
271 601 604 660 conscripserat,
633 599 966 644 Herculaneum
992 599 1122 644 simul
1152 616 1254 645 cum
1281 601 1339 645 T.
1361 600 1498 644 Didio

127 676 324 730 caperet,
336 669 576 728 Pompeios
591 681 692 712 cum
710 667 763 711 L.
780 667 907 712 Sulla
925 675 1226 728 oppugnaret,
1245 669 1499 727 Cosamque

126 745 382 798 occuparet.
419 737 554 782 Cuius
587 735 646 780 de
678 735 909 781 virtutibus
943 751 1047 781 cum
1082 737 1169 794 alii,
1193 744 1288 783 tum
1305 738 1536 784 maximea

124 806 411 865 dilucideque
458 805 516 861 Q.
551 804 812 850 Hortensius
854 805 903 849 in
935 805 1179 850 Annalibus
1214 807 1299 850 suis
1334 807 1496 851 retulit.

124 874 259 920 Cuius
289 875 367 942 ille
398 873 554 935 pietati
585 874 769 934 plenam
809 873 1009 935 populus
1059 875 1117 919 R.
1162 875 1356 935 gratiam
1390 875 1498 920 red-

167 997 201 1039 5.
231 995 267 1030 2.
303 995 345 1030 T.
368 995 485 1030 Didio.
516 995 621 1030 Hunc
650 994 690 1029 Ia.
714 994 775 1029 Iu-

120 1039 162 1075 lii
183 1041 343 1076 Caesaris
362 1042 440 1077 cos.
465 1042 621 1086 legatum
643 1040 679 1074 in
703 1041 776 1075 bel-

119 1087 156 1121 lo
178 1087 302 1122 sociali
323 1088 450 1128 fuisse,
474 1088 593 1121 dicunt
615 1086 686 1121 Cic.
712 1098 775 1131 pro

119 1133 256 1167 Fontei.
278 1133 334 1167 15.
357 1137 394 1168 et
415 1133 564 1177 Appian.
595 1133 639 1166 de
665 1133 709 1167 B.
734 1133 774 1167 G.

119 1178 148 1212 I.
185 1190 268 1224 pag.
301 1179 382 1214 635.
434 1180 475 1213 ln
517 1178 638 1213 eodem
679 1179 773 1213 bello

117 1225 282 1269 periisse,
315 1225 415 1260 Ovid.
460 1225 556 1259 Fast.
602 1225 660 1258 VI.
692 1224 772 1260 568.

118 1270 296 1305 Pmaimus
318 1282 431 1305 annus
449 1275 548 1305 erat.-
574 1270 772 1306 Pallantide

116 1327 238 1350 caesus
261 1317 382 1351 eadem
405 1318 530 1351 Didius
553 1317 691 1351 hostiles
716 1318 771 1350 in-

145 1364 309 1397 emiuavit
338 1375 427 1408 opes.
459 1363 521 1397 ubi
551 1363 714 1397 Heinsius
737 1366 773 1398 et

150 1420 338 1444 armannus
359 1409 581 1443 vehementer
601 1413 771 1451 aestuant,

115 1465 336 1498 quanquam,
369 1459 409 1489 ut
439 1455 567 1488 Duker.
603 1455 647 1488 ad
669 1456 767 1488 Flor.

113 1500 177 1534 111.
209 1500 264 1535 18.
296 1501 352 1535 12.
382 1505 476 1535 recte
506 1500 654 1542 iudicat,
695 1501 770 1534 sine

113 1546 189 1580 ulla
210 1557 343 1582 caussa.
365 1547 438 1581 Eos
468 1546 505 1580 in
525 1547 684 1581 fraudem
713 1547 768 1581 in-

113 1592 212 1626 duxit
240 1593 404 1636 Neapolis
445 1593 490 1628 ad
533 1593 635 1627 Ovid.
681 1592 705 1626 1.
735 1604 766 1628 c.

113 1639 284 1681 scribcns,
307 1639 460 1680 Didium,
482 1639 662 1672 Baeticam
686 1650 767 1673 cum

110 1685 581 1776 iffiffimfigfflss'lffiffgsss
603 1684 767 1765 ῗὲῗέἔξὲ

111 1780 207 1819 post,
257 1788 364 1821 quam
409 1777 455 1811 ab
487 1776 614 1810 Ovidio
645 1787 767 1812 caesus

112 1821 259 1856 dicatur.
303 1822 517 1864 Enimvero,
572 1822 632 1866 qui
677 1822 765 1857 alios

110 1867 268 1912 decepit,
301 1868 378 1913 ipse
418 1868 568 1913 turpiter
604 1869 764 1912 deceptus

109 1917 163 1948 cst
183 1913 259 1948 sive
280 1915 430 1949 aliorum
452 1925 586 1957 errore,
617 1914 691 1948 sive
713 1914 762 1948 fe-

105 1959 290 1995 stinatione
311 1971 385 1996 sua.
429 1958 548 2004 Nehue
575 1959 669 1994 euim
694 1961 760 1995 Δί-

108 2006 192 2041 διον
211 2006 342 2052 legitur
364 2003 463 2052 aput!y
476 2007 657 2041 Plutarch.
678 2006 761 2041 Ser-

107 2055 173 2086 tor.
207 2064 289 2098 pag.
319 2053 399 2087 513.
430 2053 528 2087 cuius
562 2053 759 2087 testimonio

106 2097 229 2132 nititur
263 2098 448 2143 Neapolis,
484 2099 543 2132 sed
585 2111 660 2134 που
695 2100 760 2134 Φί-

109 2144 214 2179 dion·
244 2146 336 2188 quod
356 2145 394 2179 in
415 2141 599 2188 Αὐφίδιον
623 2148 759 2180 mutant

107 2190 285 2235 Xylander
304 2216 316 2232 ‚
368 2195 403 2225 et
458 2191 598 2234 Lipsius
649 2191 757 2236 Epist.

107 2236 248 2278 Quaest.
278 2237 340 2271 lv.
372 2237 406 2271 4.
438 2237 534 2271 haud
566 2237 670 2271 dubie
714 2249 756 2271 ex

106 2281 286 2317 Plutarchi
325 2282 429 2318 Sulla
463 2294 545 2328 pag.
577 2283 656 2317 472.
697 2283 759 2318 ubi

107 2327 180 2362 alio
208 2330 332 2363 mendo
364 2330 452 2363 Edd.
483 2328 653 2373 Ἀφίδιὸν
675 2342 759 2364 τινα

106 2374 183 2407 ταῖν
203 2372 298 2420 πρός
319 2372 426 2420 χάριν
450 2372 680 2419 ὁμιλούντων
706 2377 759 2420 τῷ

111 2418 246 2467 Σύλλᾳ.
270 2422 398 2456 Verum
418 2427 564 2467 utroque
580 2423 658 2457 loco
672 2422 758 2457 scri-

106 2464 256 2501 bendum
302 2469 525 2512 Φουφίὸιον.
558 2469 758 2511 Sallustius,

108 2508 207 2545 illam
238 2511 349 2557 ipsam
381 2525 462 2548 cum
492 2515 649 2549 Sertorio
674 2526 755 2559 ,pu—

105 2566 214 2600 gnam
236 2569 401 2603 narrans,
433 2562 523 2605 apud
546 2561 632 2597 Non.
657 2561 755 2595 Mar-

105 2603 184 2636 cell.
214 2614 296 2650 png.
317 2605 396 2640 231.
429 2608 475 2642 Et
497 2619 574 2641 mox
599 2607 755 2651 Fufidius

106 2648 290 2684 adveniens
318 2663 393 2685 cum
424 2654 630 2699 legionibus,
659 2658 754 2698 post-

104 2706 208 2739 quam
230 2701 347 2731 tantas
368 2698 497 2742 spiras,
538 2700 634 2735 haud
657 2700 754 2743 saci-

103 2741 172 2776 lem
198 2744 435 2789 pugnantibus
458 2747 609 2791 vadam,
631 2751 754 2781 cuncta

840 995 954 1037 hosti,
1002 1006 1107 1040 quam
1148 996 1218 1031 suis
1375 997 1497 1031 unium

839 1042 944 1076 videt.
989 1042 1043 1076 De
1085 1042 1206 1076 eodem
1258 1042 1309 1076 sic
1357 1043 1497 1078 Sallust.

839 1088 986 1133 Fragm.
1031 1098 1118 1134 pag.
1157 1088 1213 1122 12.
1261 1100 1329 1131 an,
1376 1090 1497 1134 quibus

835 1136 1018 1179 praelatus
1056 1135 1094 1167 in
1133 1135 1399 1180 magistratibus
1435 1147 1494 1168 ca-

837 1181 979 1224 piundis
1002 1180 1176 1224 Fufidius,
1211 1181 1340 1215 ancilla
1358 1182 1492 1226 turpis,

838 1226 1003 1260 honorum
1031 1228 1182 1260 omnium
1212 1227 1495 1261 dehonestamen-

837 1272 943 1306 tum?
989 1273 1162 1316 Furfidius
1197 1274 1362 1307 mendose
1400 1273 1494 1318 apud

836 1318 933 1352 Flor.
957 1317 1021 1354 ΠΙ.
1044 1321 1100 1352 21.
1120 1318 1178 1354 25.
1200 1320 1378 1353 Fursidius
1400 1321 1495 1364 apud

836 1364 937 1399 Oros.
962 1366 1003 1398 V.
1026 1365 1085 1399 21.
1118 1366 1187 1400 Sed
1220 1366 1376 1409 Fufidius
1401 1370 1495 1401 recte

833 1410 923 1455 legit
943 1411 1074 1445 Duker.

880 1481 914 1522 §-
939 1478 974 1512 3.
999 1484 1073 1514 tum
1095 1479 1245 1513 maxime
1267 1479 1492 1524 dilucideque.

833 1525 888 1560 An
919 1537 985 1570 que
1018 1525 1267 1568 inducendum,
1300 1527 1396 1561 velut
1429 1537 1492 1559 na-

833 1575 908 1606 tum
950 1583 993 1605 ex
1023 1572 1180 1614 sequenti
1219 1573 1258 1614 Q.
1297 1575 1336 1606 ut
1374 1571 1493 1614 Lipsio

833 1617 975 1661 placet?
1009 1617 1182 1652 Ammian.
1213 1618 1372 1652 Marcell.
1396 1619 1490 1653 xxi.

833 1663 890 1698 16.
913 1664 1109 1708 Equitandi
1129 1670 1163 1698 et
1185 1665 1384 1705 iaculandi,
1412 1675 1491 1698 ma-

832 1710 989 1754 ximeque
1003 1711 1116 1754 perite
1139 1711 1318 1756 dirigendi
1337 1711 1490 1756 sagittas

831 1757 1085 1791 scientissimus.
1118 1756 1187 1790 Sed
1221 1756 1371 1790 velleius
1401 1756 1490 1790 ocri-

831 1802 942 1846 psisse
964 1802 1120 1836 videtur:
1155 1807 1229 1836 tum
1251 1803 1373 1836 eximie
1396 1802 1489 1836 dilu-

830 1848 981 1892 cideque.
1014 1848 1128 1891 Nepos
1164 1850 1267 1893 Ages.
1292 1849 1324 1883 l.
1359 1859 1434 1882 cum
1461 1860 1486 1882 a

829 1894 951 1927 ceteris
977 1894 1216 1938 scriptoribus,
1258 1899 1332 1928 tum
1363 1895 1486 1929 eximie

828 1950 852 1973 a
878 1939 1099 1984 Xenophonte
1145 1942 1315 1975 Socratico
1353 1942 1483 1974 collau·

825 1986 929 2019 datus
952 1991 1014 2020 est.
1046 1986 1106 2020 Sic
1125 1988 1278 2020 maxima
1300 1991 1334 2021 ct
1358 1988 1484 2021 eximia

824 2032 1081 2067 confunduntur
1102 2033 1196 2076 apud
1215 2034 1291 2067 Liv.
1308 2032 1480 2068 XL11.15.

870 2102 975 2135 Cuius
997 2102 1057 2135 ille
1078 2101 1206 2144 pietati
1227 2102 1365 2145 plenam
1379 2101 1418 2135 P.
1435 2102 1481 2136 R.

822 2149 979 2192 gratiam
1009 2148 1138 2182 retulit.
1161 2148 1253 2181 Edit.
1282 2147 1392 2181 Basil.
1418 2160 1482 2193 pro

821 2194 1017 2228 temeritate
1038 2205 1102 2228 sua
1134 2194 1192 2227 ille
1223 2193 1350 2227 delevit
1403 2195 1480 2228 Non

1533 870 1631 919 (ἥμα-
1644 860 1712 901 issi

1510 919 1635 971 mer,
1666 932 1728 973 o..

1545 1004 1583 1029 η.
1604 975 1728 1052 Japt.

821 2241 1011 2283 spernenda
1043 2239 1104 2273 Fr.
1137 2239 1372 2283 Oudendorpii
1397 2251 1477 2274 cau·
1550 2249 1553 2252 ⁴

823 2285 975 2319 iectura:
1010 2287 1114 2319 Cuius
1137 2286 1228 2330 fidei
1270 2290 1304 2319 et
1340 2287 1479 2330 pietati.

827 2332 930 2365 Fides
953 2336 987 2366 et
1007 2333 1121 2376 pictas
1144 2343 1246 2375 saepe
1275 2332 1478 2376 iunguntur,

822 2382 863 2411 ut
885 2378 974 2421 apud
998 2379 1139 2411 Sallust.
1166 2379 1242 2422 lug.
1267 2378 1323 2411 31.
1358 2383 1391 2410 et
1414 2378 1478 2412 Se2

822 2435 947 2457 necam
971 2425 1116 2468 Thyest.
1149 2424 1230 2458 216.
1253 2425 1322 2457 Pro
1345 2426 1478 2466 retulit,
1496 2440 1518 2475 ,λ’

823 2470 914 2513 quod
957 2472 1061 2503 modo
1091 2470 1297 2514 praecessit,
1337 2470 1477 2504 omnino

822 2527 901 2549 cum
930 2515 999 2549 lac.
1034 2516 1214 2549 Perizonio
1257 2515 1474 2549 scribendum

820 2563 993 2603 reddidit,
1023 2563 1225 2606 praesertim
1266 2573 1346 2595 cum
1380 2563 1474 2597 Edit.

820 2620 873 2653 pr.
907 2608 932 2642 h
968 2609 990 2642 1.
1019 2620 1087 2642 non
1109 2610 1250 2649 retulit,
1282 2609 1340 2642 sed
1362 2615 1472 2643 rettu-

823 2655 862 2688 lit
894 2655 1033 2688 habeat.
1079 2655 1194 2698 Saepe
1232 2655 1320 2688 haec
1364 2656 1473 2690 verba

821 2706 1085 2745 permutantur,
1130 2705 1169 2736 ut
1203 2701 1297 2746 apud
1331 2700 1469 2736 Livium

822 2746 998 2782 xxxvll.
1020 2748 1054 2782 6.
