1728 3054
254 231 313 272 ω
556 207 1344 269 c.'v1‹:1.1.m11›A⁷r1·2Rcm.1

255 342 464 389 memisse
497 339 692 394 MariuS,
726 355 785 384 ne
818 341 909 385 eius
943 341 1036 384 nati
1072 355 1215 400 remp.
1251 340 1518 400 poeniteret,
1572 356 1627 387 ac

215 414 376 457 obona
409 409 535 453 malis
568 424 834 468 repensasse.
871 409 1027 454 Sextus
1062 410 1311 454 consulatus
1339 409 1476 454 veluti
1492 425 1628 469 prae-

253 481 390 525 mium
426 478 466 523 ei
500 478 757 522 meritorum
793 479 934 522 datus.
969 479 1072 523 Non
1106 484 1255 522 tamen
1300 478 1431 522 huius
1467 492 1629 523 consu-

252 550 364 593 latus
407 547 640 592 fraudetur
686 549 854 607 gloria,
901 563 992 606 quo
1036 547 1215 592 Servilii
1258 547 1498 602 Glauciae,
1543 547 1629 591 Sa—

252 617 502 675 turninique
546 617 732 676 Apuleii
777 616 999 671 furorem,
1062 617 1323 662 continuatis
1380 616 1625 660 honoribus

250 701 392 746 remp.
429 687 735 738 lacerantium,
772 692 815 730 et
842 686 1004 746 gladiis
1031 701 1212 744 quoque
1249 692 1293 729 et
1320 685 1461 730 caede
1482 685 1628 729 comi-

251 756 313 800 tia
358 755 707 810 discutientium,
761 754 864 801 Cos.
919 755 1049 798 armis
1117 754 1416 813 compescuit3
1475 753 1628 797 homi-

250 839 416 883 nesque
452 824 692 868 exitiabiles
728 823 772 866 in
807 824 999 867 Hostilia
1033 824 1155 868 curia
1188 829 1332 867 morte
1366 822 1581 869 multavit.

391 893 528 941 OAP.
576 893 700 937 Xlll.
756 891 933 937 Deinde
990 892 1225 937 interiectis
1281 892 1435 951 paucis
1490 891 1629 946 annis,

250 962 520 1006 tribunatum
554 962 649 1006 iniit
683 961 750 1005 M.
788 961 938 1005 Livius
972 961 1167 1016 Drusus,
1210 961 1278 1004 vir
1319 960 1627 1014 nobilissimus,

200 1045 219 1052 “
252 1030 661 1090 eloquentissimus,
697 1025 1011 1085 sanctissimus,
1060 1028 1245 1073 meliore
1286 1029 1331 1072 in
1375 1029 1627 1089 munifi&

212 1101 386 1161 2genio
423 1100 686 1158 animoque,
724 1115 858 1157 quam
894 1099 1072 1143 fortuna
1106 1114 1219 1143 usus.
1290 1097 1381 1153 Qui
1415 1111 1519 1143 cum
1554 1112 1626 1141 se-

249 1171 370 1214 natui
406 1170 602 1228 priscum
649 1170 876 1213 restituere
921 1173 1107 1227 cuperet
1154 1167 1313 1222 decus,
1373 1171 1417 1210 et
1461 1165 1626 1210 iudicia

249 1239 307 1283 ab
354 1238 575 1296 equitibus
618 1237 678 1281 ad
723 1253 825 1282 eum
868 1238 1106 1281 transferre
1151 1236 1377 1287 ordinem3
1432 1234 1452 1292 (
1488 1235 1627 1294 uippe

248 1322 367 1368 earn„
402 1313 670 1366 potestatem
725 1306 843 1350 nacti
889 1306 1056 1364 equites
1103 1304 1379 1350 Gracchanis
1433 1251 1625 1363 lggffiffs‘,

248 1391 354 1438 cum
386 1376 432 1419 in
466 1375 629 1418 multos
663 1374 925 1418 clarissimos
970 1381 1104 1432 atque
1147 1372 1522 1417 innocentissimos
1557 1371 1627 1416 vi-

246 1435 322 1489 ros
355 1443 611 1505 saevissent,
661 1450 756 1486 tum
791 1443 842 1486 P.
878 1443 1123 1494 Rutilium,
1166 1442 1309 1486 virum
1352 1456 1442 1484 non
1487 1440 1625 1486 seculi

247 1513 336 1568 sui,
382 1503 799 1558 rsEk'I'ffomniszi
844 1512 1089 1571 optimum,
1143 1512 1467 1569 interrogatum
1518 1509 1626 1568 lege

246 1582 624 1642 repetundarum,
675 1582 870 1625 maximo
919 1595 1020 1625 cum
1066 1581 1238 1640 gemitu
1281 1578 1487 1633 civitatiS‚
1539 1578 1626 1622 da-

245 1653 524 1709 mnaverant)
556 1651 601 1694 in
635 1649 686 1694 iis
721 1650 842 1708 ipsis,
878 1665 994 1708 quae
1028 1664 1113 1709 pro
1148 1654 1298 1694 senatu
1339 1647 1622 1702 moliebatur,

245 1727 446 1764 senatum
492 1718 650 1763 habuit
694 1719 1015 1773 adversarium,
1061 1733 1151 1763 non
1197 1716 1544 1778 intelligentem,
1589 1715 1626 1760 si

245 1804 337 1847 qua
380 1788 438 1833 de
483 1788 631 1847 plebis
679 1787 929 1833 commodis
976 1788 1034 1831 ab
1081 1802 1136 1831 eo
1181 1793 1444 1845 agerentur,
1487 1783 1625 1829 veluti

245 1856 537 1911 inescandae,
585 1855 941 1915 inliciendaeque
994 1856 1283 1900 multitudinis
1330 1869 1464 1899 causa
1510 1853 1624 1908 fieri,

205 1929 294 1970 Sut
328 1926 570 1970 minoribus
604 1925 856 1983 perceptis,
891 1925 1060 1981 maiora
1092 1924 1379 1984 permitteret.
1415 1922 1623 1979 Denique

245 2010 300 2040 ea
326 1994 506 2039 fortuna
538 1993 671 2038 Drusi
698 1992 797 2049 fuit,
818 1999 866 2037 ut
887 1993 1125 2038 malefacta
1153 1992 1449 2052 collegarum,
1486 2005 1622 2049 quam

287 2138 332 2160 ne
356 2126 430 2161 eius
457 2126 534 2160 nati
562 2137 669 2171 remp.
700 2126 903 2171 poeniteret.
967 2125 1112 2160 modum
1143 2124 1180 2163 in
1211 2125 1326 2160 Druso
1355 2122 1529 2157 laudando
1561 2133 1623 2157 ex-

240 2172 378 2216 Nescio,
401 2184 446 2206 an
469 2173 622 2206 colorem
645 2172 780 2206 duxerit
798 2184 818 2206 e
841 2172 902 2206 Li-
969 2173 1110 2214 cedere,
1152 2171 1241 2204 bene
1280 2168 1436 2205 iudicant
1474 2170 1621 2203 Putean.

242 2219 304 2253 vio
326 2220 419 2264 apud
443 2219 563 2253 Senec.
586 2218 663 2253 Nat.
684 2219 753 2262 Qu.
779 2219 818 2252 V.
843 2217 896 2252 18.

242 2265 332 2310 quod
370 2266 414 2299 de
457 2266 604 2299 Caesare
644 2265 723 2298 olim
768 2266 899 2299 maiore

241 2313 348 2356 vulgo
383 2312 578 2346 dictitatum
616 2316 687 2351 est,
731 2316 766 2345 et
795 2323 818 2345 α
855 2312 896 2345 Τ.

242 2358 342 2392 Livio
372 2359 542 2402 positum,
579 2359 616 2391 in
645 2358 775 2390 incerto
810 2369 895 2399 esse,

240 2408 357 2437 utrum
382 2405 479 2438 illum
516 2403 633 2448 magis
670 2404 767 2436 nasci
810 2405 893 2447 reip.

236 2451 429 2493 profuerit,
465 2462 512 2483 an
558 2462 625 2484 non
670 2451 776 2483 nasci.
823 2451 893 2484 Cic.

237 2496 332 2530 Phil.
364 2497 392 2531 1.
423 2496 478 2532 14.
509 2497 562 2530 ita
594 2495 751 2541 guberna
788 2507 895 2540 remp.

239 2547 279 2621 gt
302 2548 422 2576 natum
447 2554 519 2576 esse
550 2548 584 2578 te
607 2542 697 2575 cives
722 2542 775 2576 tui
802 2554 897 2587 gau-

266 2593 360 2622 eant.

287 2635 386 2667 CAP.
413 2635 506 2669 xm.
551 2636 584 2677 ἓ.
615 2632 648 2667 l.
693 2633 743 2668 M.
777 2633 897 2667 Livius

239 2679 383 2714 Drusus.
410 2681 591 2723 i‘elleium,
615 2678 708 2723 turpi
730 2691 817 2725 erga
834 2680 898 2713 Ti-

236 2725 392 2768 berium,
424 2727 483 2770 qui
514 2727 558 2762 ad
589 2729 744 2763 Drusum
787 2737 899 2770 genus

237 2776 437 2809 maternum
455 2775 652 2818 referebat,
683 2772 898 2816 adulatione,

967 2220 1011 2253 ad
1034 2219 1069 2253 h.
1088 2219 1111 2252 1.
1134 2218 1268 2251 Manut.
1292 2217 1337 2251 ad
1360 2215 1434 2250 Cic.
1457 2227 1519 2259 pro
1545 2216 1621 2250 Ra-

964 2265 1032 2299 bir.
1057 2265 1152 2299 Post.
1174 2264 1208 2297 Ἰ.
1231 2267 1266 2296 et
1283 2261 1504 2296 Freinfflem.
1528 2260 1621 2305 Sup—

965 2312 1068 2355 plem.
1101 2310 1177 2344 Liv.
1216 2309 1338 2343 LXXI.
1382 2307 1440 2342 25.
1476 2308 1622 2341 Praeter

965 2357 1154 2398 Velleium,
1177 2356 1310 2389 Drusus
1333 2354 1548 2388 laudatorem
1570 2353 1620 2387 in-

963 2403 1058 2437 venit
1097 2402 1231 2436 Pseudo
1250 2422 1263 2427 -
1281 2400 1423 2434 Sallust.
1457 2400 1500 2433 de
1527 2401 1618 2444 Rep.

964 2450 1037 2483 ord.
1072 2449 1135 2490 Ep.
1169 2448 1212 2481 11.
1247 2446 1281 2481 6.
1317 2447 1377 2489 qui
1416 2446 1490 2479 eius
1528 2452 1620 2487 acta,

962 2494 1156 2530 nobilitatis
1177 2492 1280 2538 odio,
1303 2492 1412 2528 simili
1434 2492 1540 2527 modo
1561 2492 1621 2527 de-

962 2541 1084 2576 rendit.

1008 2634 1040 2676 §.
1082 2631 1117 2666 3.
1163 2632 1355 2675 malefacta
1395 2630 1616 2675 collegarum,

963 2691 1066 2724 quam
1091 2679 1163 2713 eius
1193 2683 1258 2712 etc.
1291 2677 1511 2720 Transpone:
1542 2688 1617 2710 ma-

963 2727 1095 2769 lefacta
1133 2725 1347 2770 collegarum
1385 2724 1478 2765 eius,
1512 2734 1617 2768 quam

961 2773 1088 2819 optime
1110 2771 1155 2806 ab
1173 2771 1246 2817 ipso
1271 2771 1440 2818 cogitata.
1470 2767 1530 2804 sic
1552 2779 1616 2804 vo-
