1728 3054
273 193 358 235 158

581 186 628 226 0.
657 183 742 226 VB
751 185 786 226 h
797 184 937 226 1⁴11)ss
971 185 1050 230 ,P‘A'
1059 184 1140 226 ‘PE
1150 184 1276 227 RGU
1289 186 1350 229 121
1392 194 1395 195 ’

229 344 231 347 .
275 307 415 356 serat,
448 312 563 346 ¹mox
595 299 703 344 belli
742 298 969 355 Gethi‘ci.‚÷
993 304 1047 345 ac
1067 296 1242 345 ‘deinde
1276 298 1473 357 anthici
1501 299 1634 347 habi-

238 375 394 419 murus
430 368 787 414 commilitonem.
854 368 943 413 Cui
966 374 1019 412 ut
1029 368 1385 421 :estmuuciatum
1411 368 1481 414 de⁴
1497 368 1636 414 caede

267 438 504 494 avunculi,
540 453 642 483 cum
681 436 880 496 protinus
921 451 976 482 ex
991 437 1171 485 -viciuis
1204 437 1455 498 legionibus
1481 443 1636 482 centn-

273 506 420 551 fiones
451 521 576 551 suam
615 521 882 563 suorumque
922 506 1120 551 militum*
1153 519 1337 565 operam
1355 506 1410 551 ei
1441 505 1635 565 pollice—

273 582 437 630 rentur,
471 590 615 634 neque
646 582 745 620 eam
775 574 1374 635 spernendam'Salvidienu's?
1397 580 1449 619 et'
1468 574 1637 634 Agrip-

273 658 337 704 pa
391 644 590 690 dicerent
612 658 626 697 ;

702 644 780 688 ille
829 644 1036 689 festinans
1090 643 1319 703 pervenire
1349 643 1424 687 in.
1451 644 1634 697 urbem,

270 728 456 758 omnem
484 712 804 758 ordinationem
830 719 874 757 et
899 715 1033 768 necis,
1065 715 1120 757 et'
1138 711 1388 757 testamenti
1402 710 1637 756 Brundusii

231 791 263 831 ,6
275 782 505 840 comperit.

575 781 660 827 cni
692 782 942 826 adventanti
979 783 1191 837 Romam,
1235 781 1438 825 immanis
1455 781 1636 825 ‘amico-

275 866 373 895 rum
410 850 600 897 occurrit
627 851 898 908 frequentia:
933 858 976 894 et
1002 864 1104 895 cum
1132 851 1310 894 intraret
1337 851 1516 907 urbem,
1560 863 1635 893 so·-

265 920 327 964 Ἰἶις
353 920 473 964 orbis
508 934 641 978 super
675 924 810 978 caput
849 919 964 976 eius,
1011 925 1214 965 curvatus
1253 919 1515 976 aequaliter,
1554 931 1635 961 ro-

274 988 594 1046 tundatusque‚
629 988 674 1032 in
708 988 908 1033 colorem
946 1002 1097 1042 arcus,
1129 987 1253 1031 velut
1282 992 1494 1032 coronam
1525 984 1634 1031 tanti

273 1065 381 1102 mox
409 1057 490 1101 viri
517 1056 651 1116 capiti
678 1057 931 1116 imponens,
967 1061 1226 1116 conspectus
1263 1060 1341 1100 est.

410 1125 544 1173 CAP.
591 1125 686 1170 LX.
743 1127 845 1170 Non
879 1126 1102 1186 placebat
1117 1124 1245 1169 Atiae
1273 1121 1424 1177 matri,
1456 1119 1635 1179 Philip-

271 1208 426 1253 poque
453 1194 632 1248 vitrico,
667 1194 779 1238 adiri
817 1209 978 1238 nomen
1009 1193 1250 1238 invidiosae
1281 1192 1484 1236 fortunae
1516 1188 1634 1235 Cae-

273 1264 400 1307 saris:
433 1262 511 1307 sed
527 1262 807 1306 'adserebant
838 1263 1043 1307 salutaria
1076 1262 1185 1320 reip.
1215 1266 1521 1316 terrarumque
1558 1271 1635 1302 or-

272 1331 340 1376 bis
374 1331 466 1375 fata
506 1330 810 1386 conditorem,
854 1335 1296 1389 conservatoremque
1326 1327 1530 1373 Romani
1549 1340 1635 1370 no-

320 1485 399 1519 belli
423 1484 568 1519 Gethici.
599 1484 687 1519 Vide
717 1484 846 1519 Duker.
877 1484 922 1519 ad

273 1531 350 1566 Liv.
374 1531 438 1575 Ep.
463 1531 542 1566 11⁷.

320 1581 352 1621 §·
386 1578 421 1612 5.
453 1577 664 1612 centuriones
686 1588 795 1612 suam.
830 1575 922 1610 Edit.

270 1635 326 1668 pr.
364 1635 469 1667 suas,
515 1624 606 1668 quod
647 1623 767 1658 Editor
809 1622 921 1658 Basil.

271 1670 431 1705 correxit.
448 1700 451 1702 .

270 1735 274 1739 ’
314 1728 564 1772 pollicerentur.
600 1726 775 1770 .Exempl.
823 1728 922 1760 vetus

270 1774 399 1813 habet,
421 1774 634 1817 pollicentur.
661 1773 797 1808 Bonna.

273 1835 276 1838 ⁴
317 1841 448 1864 omnem
472 1830 720 1864 ordinationem
751 1835 786 1864 et
813 1829 919 1871 necis,

272 1881 307 1911 et
331 1877 539 1911 testamenti.
571 1877 692 1910 Editor
723 1875 831 1910 Basil.
863 1885 921 1908 re-

271 1921 421 1957 ctissime
452 1921 607 1967 scripsit·
657 1933 789 1956 omnem
826 1922 919 1955 ordi-

271 1980 349 2002 nem
375 1973 408 2002 et
437 1969 529 2002 necis
560 1971 624 2002 etc.
667 1968 740 2002 ιξιίν.
765 1967 836 2001 XL.
861 1965 919 2001 55.

271 2015 488 2059 ordinemque
519 2025 650 2048 omnem
666 2014 837 2067 facinoris
870 2014 919 2047 le-

270 2065 434 2116 gatorum
459 2060 704 2104 ministeriique
735 2059 790 2092 sui
816 2070 917 2103 expo-

270 2108 350 2141 suit.
374 2106 450 2150 Ipse
471 2106 621 2140 Velleius
644 2104 790 2140 11.119.
815 2105 918 2139 Ordi-

270 2165 348 2187 nem
366 2152 598 2186 atrocissimae
624 2152 835 2187 calamitatis
860 2162 918 2185 co-

271 2200 428 2234 nabimur
447 2208 622 2243 exponere.

315 2259 348 2300 §.
381 2256 415 2290 6.
448 2256 528 2290 solis
568 2255 657 2289 orbis
691 2257 754 2290 etc.
801 2252 916 2288 Huius

270 2301 412 2344 ostenti,
434 2302 526 2346 quod
548 2300 764 2336 ambitiosius
786 2310 809 2334 a
830 2301 916 2334 Vel-

268 2348 337 2393 leio
359 2347 506 2389 narrari,
528 2359 609 2381 vere
632 2347 760 2382 iudicat
783 2347 917 2381 Casan·-

267 2395 378 2430 bouus
400 2395 444 2428 ad
465 2393 604 2428 Sucton.
627 2394 716 2437 Aug.
733 2391 790 2427 95.
807 2392 914 2427 etiam

267 2441 331 2476 alii
363 2440 546 2484 scriptores
585 2440 790 2474 mentionem
822 2439 915 2473 fece-'-

266 2492 368 2530 ruut,
409 2497 494 2531 quos
529 2485 657 2520 indicat
695 2484 836 2519 Fabric.
867 2484 914 2519 ad

266 2533 370 2568 Dion.
394 2534 489 2568 Cass.
515 2533 616 2567 XLV.
640 2542 722 2577 pag.
740 2531 821 2566 422.

311 2591 410 2625 CAP.
438 2589 514 2624 Lx.
552 2592 586 2633 ἓ.
609 2589 643 2623 1.
678 2589 770 2623 adiri
790 2597 913 2622 nomen

266 2636 454 2670 invidiosae
465 2638 630 2679 fortunae
652 2635 821 2670 Caesaris.
844 2634 914 2668 Mi-

265 2694 345 2717 rum
383 2687 446 2724 est,
488 2681 550 2717 hic
589 2681 736 2716 nominis
777 2684 912 2716 tantum

265 2727 414 2773 recepti,
454 2738 523 2762 nou
551 2727 752 2764 hereditatis
764 2751 785 2771 ‚,
806 2736 913 2771 quam

987 1493 1106 1518 omnes
1136 1493 1215 1516 cum
1243 1481 1381 1516 nomine
1410 1480 1633 1526 coniungunt,

987 1529 1195 1564 mentionem
1218 1528 1304 1563 fieri.
1344 1528 1464 1562 Cicero
1495 1527 1539 1562 ad
1560 1527 1632 1561 Att.

988 1576 1063 1610 XV.
1087 1575 1142 1610 12.
1167 1575 1236 1610 Sed
1255 1574 1337 1620 quid
1355 1574 1466 1609 aetati
1492 1574 1634 1611 creden-

989 1622 1070 1656 dum
1094 1623 1157 1665 uit,
1180 1621 1264 1675 quid
1290 1621 1436 1662 nomini,
1460 1620 1543 1664 quid
1566 1619 1635 1653 he-

987 1668 1153 1710 reditati,
1178 1667 1262 1713 quid
1283 1664 1488 1720 κατηχήσει,
1512 1665 1634 1711 magni

989 1714 1121 1748 consilii
1152 1718 1214 1748 est·
1269 1713 1355 1747 Vide
1397 1711 1499 1747 Dion.
1537 1712 1633 1746 Cass.

986 1760 1095 1797 ΧΙΝ.
1112 1771 1193 1805 pag.
1217 1759 1294 1794 421.
1318 1763 1352 1794 et
1373 1769 1457 1802 quos
1478 1757 1529 1792 ibi
1554 1758 1635 1792 lau-

986 1807 1045 1840 dat
1066 1805 1261 1840 Fabricius.
1285 1805 1433 1840 Omnino
1454 1805 1552 1838 locus
1572 1803 1632 1836 vi-

986 1852 1094 1886 tiosus
1121 1855 1193 1892 est3
1233 1851 1292 1896 qui
1320 1862 1364 1886 ne
1389 1851 1426 1885 in
1455 1854 1632 1894 posterum

986 1898 1065 1931 aliis
1100 1875 1215 1931 fraudi
1248 1898 1314 1938 sit,
1352 1899 1410 1930 ut
1421 1896 1489 1930 fuit
1519 1896 1628 1930 Henr.

986 1944 1235 1989 Gannegietero
1276 1944 1319 1977 de
1351 1941 1490 1977 Nomin.
1525 1942 1630 1976 Rom.

984 1971 1281 2034 pag.2³³14.‚hac
1312 1987 1550 2028 emendatione
1570 1997 1631 2022 ca-

984 2046 1123 2069 vernus.
1167 2036 1261 2069 adiri
1298 2045 1442 2075 nomen,
1481 2033 1631 2068 invidio·

983 2091 1123 2126 samque
1146 2084 1328 2126 fortunam
1348 2081 1517 2115 Caesaris.
1543 2079 1629 2113 For-

982 2132 1069 2162 tuna
1089 2138 1154 2182 pro
1171 2130 1358 2170 fortunae,
1377 2126 1435 2161 vel
1453 2137 1536 2171 opes
1549 2123 1630 2169 dici,

982 2175 1091 2208 etiam
1110 2173 1238 2208 tirones
1256 2173 1378 2209 sciant.

1026 2265 1243 2300 adserebant.
1261 2263 1302 2298 Si
1318 2273 1440 2298 sanum
1459 2263 1530 2296 hoc
1547 2272 1629 2296 ver·

981 2311 1064 2346 bum
1089 2315 1160 2353 est,
1193 2310 1283 2345 nihil
1311 2310 1407 2344 aliud
1430 2307 1629 2353 significare

980 2361 1112 2402 potest,
1135 2367 1240 2401 quam
1258 2355 1488 2390 vindicabant.
1512 2354 1627 2388 Valet.
1656 2365 1660 2368 ’

979 2404 1075 2438 Max.
1098 2403 1156 2437 lv,
1167 2402 1200 2437 4.
1215 2402 1248 2436 4.
1272 2413 1354 2447 quoe
1371 2402 1525 2451 pericula
1539 2401 1628 2444 reip.

978 2451 1199 2494 imperatores
1213 2449 1421 2489 asserebant,
1441 2447 1628 2501 angustiae

977 2497 1030 2530 rei
1054 2495 1244 2539 familiaria
1277 2495 1435 2528 bubulcos
1463 2492 1543 2536 fieri
1572 2503 1627 2525 co·

975 2541 1119 2587 gebant.
1142 2541 1369 2574 Scribendum
1407 2539 1516 2574 ettam
1553 2535 1627 2571 orbi

975 2598 1042 2632 pro
1063 2587 1170 2628 orbis,
1201 2591 1241 2621 ut
1268 2587 1470 2621 Bul-manno
1497 2584 1624 2629 placet.
1636 2576 1672 2604 34

977 2633 1079 2668 Ovid.
1102 2610 1186 2667 Me’t.
1209 2632 1337 2668 1761.
1361 2641 1482 2678 meque
1505 2630 1627 2665 adsere

977 2680 1079 2714 coelo.
1117 2678 1257 2722 Optima
1286 2683 1402 2715 tamen
1426 2681 1541 2713 aetate
1561 2674 1627 2712 ali-

975 2728 1030 2761 tor
1051 2726 1290 2770 loquebantur·
