1728 3054
160 140 401 221 ‘nxgzan
546 153 831 199 HENRIGI
877 152 1229 197 nonwan

196 273 312 321 teor,
347 270 492 311 deesse
519 270 657 317 nobis,
695 267 765 320 qui
799 268 842 307 in
891 279 939 308 re
972 266 1167 307 historica
1198 269 1336 310 essent
1367 265 1570 317 audiendi,

198 330 339 368 testes.
397 326 577 366 Mortem
616 337 731 364 suam
770 324 1007 376 consignare
1044 325 1133 376 ipse
1167 336 1248 364 non
1284 324 1430 376 potuit.
1478 324 1572 364 *Nec

200 386 420 437 suppetunt
447 381 516 422 alii
546 385 640 434 post
670 381 784 420 illum
798 411 809 430 ,
841 382 909 433 qui
939 380 1223 432 consignarint.
1280 379 1479 421 Veterum
1504 393 1574 422 ne.

199 452 268 480 mo
315 442 399 489 est,
452 442 631 490 excepto
658 437 887 488 Prisciano,
940 438 1008 489 qui
1045 437 1110 476 vel
1147 437 1393 477 mentionem
1429 435 1576 478 Velleii

199 496 329 546 poetri
361 494 526 535 fecerit.
581 494 667 535 Sed
703 507 780 534 nec
814 494 884 534 ille
920 494 1136 546 quidquam
1171 493 1373 546 prodidit,
1413 505 1493 545 quo
1518 492 1577 532 hi-

201 552 326 593 storia
351 551 438 590 eius
463 550 748 604 locupletanda
773 550 837 591 sit.
852 602 861 604 ζ
893 551 1006 592 Nihil
1035 563 1134 603 ergo
1160 555 1311 600 restat,
1339 550 1448 590 unde
1471 561 1577 589 mor-

149 630 158 637 ·
202 608 255 648 tis
284 612 444 659 tempus
470 607 619 648 elicere
646 607 870 659 possimus,
898 612 1061 660 praeter
1088 607 1313 648 ratiocinia.
1361 607 1417 646 Et
1445 610 1579 654 tmen

201 663 320 704 valde
355 663 456 703 mihi
491 664 710 705 verisimile
744 663 874 704 videri
910 664 1068 713 fateor,
1117 664 1224 703 inter
1271 663 1388 712 illos,
1436 662 1579 714 quibus

202 719 340 761 Seiani
380 721 555 766 amicitia
589 721 750 769 nocuit,
798 723 980 761 nostrum
1027 732 1187 772 quoque
1231 720 1402 773 periisse
1441 718 1583 760 Velle·-

202 777 300 818 ium.
356 775 463 818 Satis
499 777 588 829 ipse
628 781 819 817 testatum
856 776 959 816 fecit
994 777 1037 816 in
1071 776 1150 817 hoc
1186 777 1278 828 ipso
1310 776 1416 816 libro
1445 773 1583 814 Vello-

203 833 293 882 ius,
331 845 414 886 quo
451 833 578 874 fuerit
615 833 747 873 animo
784 832 828 870 in
866 831 1069 871 Seianum.
1126 830 1215 871 Nec
1255 843 1356 884 opus
1403 834 1492 870 erat
1532 828 1583 878 ad

206 901 301 931 eum
336 888 652 929 convincendum
693 888 773 927 alio
809 887 1065 936 testimonio,
1101 899 1194 926 cum
1231 888 1363 939 palam
1394 889 1584 935 exstaret,

192 944 448 996 ,scriptisque
491 945 783 996 consignatum,
819 948 950 992 esset,
988 943 1188 983 amicitiae
1225 944 1358 992 illius,
1396 948 1481 983 tam
1517 955 1586 983 ro-
1603 963 1622 981 ι

188 1001 318 1042 -centi
345 1000 540 1040 memoria
566 1003 880 1041 monumentum.
936 998 984 1039 Id
1021 1012 1180 1052 quoque
1208 1004 1364 1040 certum
1391 1005 1476 1049 est,
1502 1012 1587 1040 ma·-

207 1054 565 1108 nifestissimisque
601 1061 685 1098 tam
720 1055 859 1096 Dionis
897 1069 1016 1108 quam
1058 1056 1192 1096 Taciti
1235 1057 1480 1097 testimoniis
1517 1067 1588 1095 ex-

209 1113 435 1166 ploratum,
459 1113 558 1154 satis
586 1113 717 1154 fuisse
745 1113 796 1152 ad
825 1126 996 1166 poenam
1024 1114 1154 1165 ipsam
1187 1113 1299 1154 illam
1327 1114 1463 1153 Seiani
1489 1112 1589 1152 ami-

209 1170 358 1210 citiam.
413 1170 573 1211 Eodem
622 1166 853 1222 spectabat,
901 1174 1215 1222 suspectumque
1259 1169 1462 1212 Velleium
1502 1181 1590 1209 me-

191 1226 292 1267 trito
327 1226 503 1266 fortasse
538 1226 736 1278 faciebat,
782 1226 891 1279 quod
926 1239 1007 1266 non
1050 1227 1218 1276 oblatis,
1266 1227 1341 1266 sed
1384 1226 1591 1278 quaesitis,

211 1286 395 1324 uteretur
422 1278 560 1324 Seiani
587 1283 777 1323 laudandi
802 1284 1104 1332 occasionibus,
1143 1283 1265 1323 etiam
1295 1284 1408 1323 nullo
1445 1295 1594 1335 suppe-

212 1343 328 1380 tente
370 1339 501 1380 laudis
537 1344 787 1392 argumento.
854 1341 924 1380 Ait
965 1340 1157 1381 Seianum
1194 1339 1238 1394 *)
1282 1341 1324 1380 in
1364 1339 1595 1388 Germania,

213 1395 474 1449 lumenque,
513 1400 556 1437 et
591 1409 686 1439 mox
723 1397 767 1436 in
801 1395 962 1444 Africa,
1001 1409 1081 1436 non
1119 1397 1284 1448 quidem
1311 1397 1480 1444 merito,
1519 1395 1596 1436 sed

214 1453 386 1494 materia
431 1457 570 1493 tamen
607 1453 859 1506 adipiscendi
899 1453 1158 1506 triumphalia
1201 1453 1331 1494 fuisse
1373 1452 1596 1493 defectum.

215 1508 299 1550 Ubi
347 1510 489 1550 deerat
533 1510 826 1555 laudandorum
868 1508 1094 1551 facinorum
1128 1510 1194 1550 vel
1237 1510 1429 1559 materia,
1477 1522 1596 1562 quae,

217 1578 390 1618 quaeso,
419 1579 512 1607 esse
538 1567 672 1620 potuit
699 1567 831 1607 laudis
872 1568 1000 1616 solida
1026 1567 1162 1607 ratio‘l»
1192 1567 1301 1619 'Quis
1329 1567 1410 1607 hoc
1436 1566 1478 1606 in
1505 1566 1598 1606 loco

215 1635 299 1667 non
345 1627 535 1676 agnoscat
572 1623 750 1664 indolem
797 1624 990 1664 laudandi
1025 1623 1162 1664 Seiani
1199 1625 1382 1672 avidam,
1424 1628 1468 1663 et
1504 1623 1599 1675 qui-

217 1679 353 1721 busvis
388 1681 519 1720 laudis
558 1681 798 1733 arripiendis
837 1682 902 1721 vel
936 1681 1213 1733 praetextibus
1245 1681 1471 1720 intentam‘!
1510 1680 1600 1720 Nec
1635 1715 1639 1731 ,

217 1736 321 1777 illud
350 1738 483 1776 modo.
541 1736 712 1790 Scripsit
749 1740 888 1781 nostra
923 1738 992 1777 illa
1035 1736 1217 1777 Velleius
1254 1741 1440 1788 tempore
1477 1737 1601 1776 etiam

219 1798 420 1846 suspecto.
478 1793 601 1834 Certe
632 1798 726 1845 post
763 1799 936 1833 mortem
972 1794 1132 1842 Liviae,
1176 1795 1291 1834 cuius
1330 1794 1420 1844 ipse
1458 1793 1602 1833 memi-

220 1850 304 1898 nit2,
332 1863 452 1901 quam
481 1850 575 1890 anni
602 1851 821 1906 superioris
849 1854 945 1897 782.
973 1850 1094 1894 initio
1116 1851 1294 1902 assignat
1322 1850 1501 1905 Tacitus.
1528 1848 1601 1904 **)

222 1905 322 1946 Inde
359 1907 490 1955 enim,
535 1911 580 1947 ut
629 1919 680 1946 ex
726 1911 897 1958 utroque
946 1911 1127 1955 constat,
1173 1912 1257 1947 tam
1298 1906 1442 1946 Tacito
1482 1919 1603 1959 quam

218 1962 376 2018 Dione,
405 1963 572 2005 consilia
596 1963 711 2003 inivit
740 1964 791 2004 de
820 1964 990 2016 imperio
1019 1965 1252 2017 occupando
1281 1964 1464 2010 Seianus,
1494 1963 1604 2004 Tan-

224 2019 319 2060 dem
357 2020 667 2074 expergefactus
714 2021 902 2065 Tiberius
947 2021 1197 2060 machinatur
1241 2024 1283 2060 et
1326 2021 1416 2073 ipse
1455 2022 1508 2061 de
1552 2032 1604 2066 eo

225 2077 501 2129 opprimendo.
568 2076 704 2116 Primo
752 2082 887 2120 tamen
938 2078 1142 2116 consulem
1185 2090 1322 2117 secum
1362 2077 1404 2122 in
1443 2090 1604 2125 annum,

227 2145 307 2186 quo
335 2134 476 2186 periit,
522 2137 759 2185 sequentem
797 2133 992 2181 destinat,
1030 2147 1295 2185 curarumque
1323 2138 1484 2174 suarum
1512 2137 1606 2186 par-

225 2191 392 2242 ticipem
436 2191 626 2231 nominat.
684 2191 746 2230 Ita
790 2191 878 2231 Dio.
937 2191 1125 2230 Fecerat
1154 2196 1288 2230 autem
1335 2191 1437 2230 haec
1475 2183 1606 2234 ‘antea

227 2247 436 2298 Tiberius,
478 2261 598 2299 quam
647 2249 845 2287 scriberet
886 2245 1081 2286 Velleius.
1139 2249 1244 2287 Ilinc
1287 2247 1356 2286 ille
1396 2247 1607 2287 Tiberium

229 2305 415 2346 defendit
446 2302 541 2359 ***)
571 2306 773 2358 exemplis
802 2305 1071 2349 eminentium
1099 2305 1305 2356 virorum,
1342 2304 1414 2362 qui
1441 2304 1607 2359 magnis

315 2543 354 2610 ῃ
376 2541 572 2623 Qut-{³¹14
588 2542 633 2577 11.
663 2552 757 2623 {⁷³¹¹}
765 2543 845 2582 116.

318 2591 395 2680 *3)
418 2601 512 2670 55¹1]
528 2600 659 2671 mssmil.
693 2613 771 2681 hap?
791 2634 875 2700 127'
