1728 3054
251 190 253 193 ’
301 211 390 256 nn
422 210 716 256 venusio
762 208 1172 255 ravennnae
1368 210 1431 249 cv

56 322 239 367 delectus
272 323 492 365 incendere
530 323 707 364 debebat
752 322 929 364 animum
970 321 1209 372 scribentis,
1254 331 1432 373 eumque

57 382 244 422 sensibus
269 381 380 421 varie
406 381 464 421 ita
494 392 770 428 commovere,
807 383 856 419 ut
888 379 1011 420 facile
1045 378 1302 419 affectionem
1340 389 1433 416 ver-

57 438 112 478 ba
137 442 422 488 sequerentur,
460 436 629 476 eandem
656 435 855 476 lectorum
882 436 1024 476 animis
1051 434 1298 475 instillantia,
1351 432 1434 472 Hie

59 493 221 545 gravior
247 499 390 533 rerum
412 495 685 533 enarraturum
721 503 891 542 sensus,
929 496 974 532 et
1000 491 1178 540 animus,
1212 489 1276 530 vel
1303 489 1435 529 admi·

59 549 241 598 ratione,
271 548 349 589 vel
362 548 658 600 indignatione,
691 546 758 587 vel
783 548 1061 595 miseratione,
1088 548 1154 587 vel
1180 545 1335 586 laetitia
1365 557 1435 585 ce-

60 605 241 657 terisque
277 604 467 656 perfusus
502 604 652 655 ubique
690 602 841 655 spirat,
886 608 931 643 et
962 604 1082 644 variis
1116 602 1435 656 propositionum

63 666 108 701 et
135 660 325 700 orationis
350 660 513 708 formis,
553 673 652 711 quas
691 659 842 711 figuras
881 660 1104 712 appeliant,
1142 672 1325 711 quaeque
1362 671 1435 698 na·

61 717 246 757 turaliter
270 716 444 756 animum
471 715 732 755 vehementer
757 715 949 755 affectum
977 721 1222 768 sequuntur,
1258 716 1435 755 interro-

62 772 312 825 gatinibus,
340 772 716 821 exclamationibus,
744 772 1018 825 apostrophis,
1053 772 1289 824 amphoris,
1316 771 1435 826 poly-

61 778 190 881 ayugo
165 829 266 877 otis,
284 829 498 880 asyndetis
527 833 605 870 etc.
643 841 735 869 sese
770 828 975 881 patefacit.
1030 828 1173 879 ltaque
1200 833 1244 867 et
1271 828 1435 867 omnino

61 885 255 929 maiorem
283 885 398 947 quasi
424 897 567 925 sonum
600 885 708 925 vocis
747 884 904 925 addidit
940 885 1152 935 historiae,
1188 889 1232 924 et
1258 884 1435 923 maxime

63 942 107 981 iu
131 941 273 981 ultima
299 935 432 993 dperis
456 946 594 993 parte,
620 943 663 981 in
692 954 770 993 qna
796 942 956 994 penitus
984 941 1248 981 admiratione
1277 945 1320 979 et
1332 940 1435 1006 ‘pie-

65 1002 153 1038 tate
179 999 222 1037 in
253 998 479 1049 Augustum
508 997 795 1049 Tiberiumque
822 998 1032 1050 perfusus,
1070 998 1121 1037 ad
1150 996 1435 1050 panegyricam

65 1054 157 1094 fere
189 1054 411 1093 orationem
448 1054 667 1095 adscendit.
730 1053 848 1094 Cont'.
885 1054 1066 1107 inprimis
1101 1053 1149 1093 11.
1190 1057 1289 1096 126.
1337 1056 1436 1094 129.

66 1123 153 1162 aeq.
191 1109 353 1162 Ubique
395 1110 516 1150 etiam
553 1111 684 1164 aperit
713 1123 759 1150 se
787 1111 965 1151 studium
998 1111 1315 1162 magnitudinem
1344 1122 1438 1148 sen-

67 1179 139 1206 sns
170 1167 234 1207 sui
267 1167 478 1206 verborum
511 1168 785 1218 magnitudine
817 1168 1087 1219 exaequandi,
1117 1167 1224 1219 quod
1254 1178 1438 1205 nonnun-

68 1235 188 1275 quam
215 1223 379 1263 modum
409 1224 630 1272 excedere,
669 1229 712 1264 et
751 1224 795 1263 in
824 1226 952 1264 maius
989 1236 1138 1275 augere
1173 1223 1238 1263 vel
1271 1234 1339 1262 res
1373 1221 1438 1261 vel

14 1299 19 1302 ·
67 1291 260 1333 pemonas
288 1280 468 1328 videtui-3
507 1280 657 1332 ubique
688 1281 887 1329 studium,
926 1281 1059 1332 prouti
1089 1292 1271 1332 quaeque
1299 1290 1441 1318 sense-

68 1339 150 1384 rat,
192 1336 383 1376 orationis
420 1336 632 1377 luminibus
668 1337 961 1389 distinguendi,
1008 1339 1196 1388 omnique
1225 1347 1441 1375 ornamen-

70 1395 225 1440 torum,
263 1397 470 1444 troporum
510 1393 757 1442 efficacium,
809 1394 1080 1446 epithetorum
1114 1392 1441 1446 gravissimorum

70 1451 150 1487 etc.
178 1460 328 1499 genere
355 1449 593 1490 instruendi.
649 1450 896 1490 Eorumdem
927 1450 1144 1489 affectuum
1179 1448 1342 1488 modum
1368 1460 1442 1487 na·

71 1504 256 1544 tun-aliter
286 1505 466 1556 sequitur
502 1506 567 1545 vel
600 1506 774 1546 brevitas
813 1507 1025 1557 orationis,
1068 1506 1133 1546 vel
1162 1505 1298 1558 copia,
1334 1504 1444 1544 inter

72 1573 119 1600 se
145 1561 309 1602 mixtae.

186 1617 440 1670 Frequentes
466 1630 623 1670 quoque
650 1618 756 1670 apud
780 1617 981 1659 Velleium
1013 1621 1107 1658 sunt
1129 1618 1366 1668 sententiae,
1397 1619 1443 1656 et

74 1675 363 1716 sententiosum
393 1674 552 1714 dicendi
584 1687 733 1726 genus,
778 1675 886 1726 quod
916 1687 1081 1727 prorsus
1121 1674 1335 1713 oratorium
1366 1677 1443 1712 est.

74 1729 166 1783 ῌοιι
195 1731 324 1770 solum
355 1731 482 1781 einim,
520 1744 623 1782 quae
657 1731 771 1770 finite
807 1732 860 1770 de
897 1731 1018 1770 certis
1051 1732 1257 1782 personis,
1304 1730 1443 1778 rebus,

74 1787 402 1838 temporibusque
428 1787 719 1840 pronuntianda
741 1791 876 1835 erant,
898 1800 946 1826 ea
965 1786 1121 1826 infinita
1148 1788 1328 1825 oratione
1348 1798 1443 1838 pro·

75 1843 210 1894 ponit,
238 1847 282 1883 et
302 1843 458 1894 singula
489 1844 563 1882 sub
594 1855 746 1894 genere
772 1844 957 1883 universo
983 1843 1310 1894 comprehendit,
1339 1855 1374 1882 v.
1406 1854 1442 1883 c.

75 1898 107 1938 l.
143 1900 211 1941 12.
246 1904 349 1940 extr.
382 1899 430 1938 11.
462 1902 502 1941 3.
533 1913 595 1952 pr.
633 1903 727 1941 128.
761 1905 861 1940 extr.
898 1900 974 1939 sed
1006 1899 1128 1938 etiam
1174 1899 1334 1951 saepius
1367 1899 1443 1937 im-

75 1954 220 1996 miscet
244 1956 535 2009 propositiones
559 1956 786 2004 universas,
825 1969 857 1998 s,
882 1956 1137 2009 pronuntiata
1173 1956 1226 1995 de
1255 1957 1443 1994 universo

77 2012 251 2063 quodam
283 2025 417 2052 rerum
449 2024 623 2064 genere,
651 2013 716 2051 vel
742 2026 793 2052 ex
818 2014 906 2064 ipsa
929 2026 975 2052 re
1002 2017 1159 2051 narrata
1182 2017 1223 2051 et
1253 2012 1443 2050 similium

78 2069 326 2120 experientia
362 2068 528 2115 hausta,
566 2069 631 2108 vel
659 2070 700 2108 in
741 2083 788 2108 re
827 2069 1019 2120 singulari
1055 2069 1098 2107 in
1131 2069 1307 2107 animum
1340 2068 1444 2108 scri-

0 2151 38 2174 «,
79 2124 212 2164 bentis
240 2129 435 2166 revocata.
492 2125 567 2164 His
598 2125 830 2173 sententiis,
865 2138 968 2177 quae
993 2125 1154 2176 quidem
1176 2126 1338 2164 lectoris
1362 2124 1444 2163 ani-

79 2193 188 2220 mum
215 2185 362 2220 acuunt
387 2186 508 2232 atque
540 2182 764 2229 instruunt,
792 2183 849 2221 ita
873 2182 1116 2221 creberrime
1148 2182 1274 2221 utitur
1304 2180 1444 2221 Velle-

79 2237 166 2283 ius,
204 2242 270 2285 ut,
304 2250 394 2277 cum
433 2237 551 2276 simul
585 2238 711 2277 aciem
752 2239 903 2290 ingenii
942 2243 985 2277 et
1023 2238 1169 2277 mentis
1206 2238 1444 2290 sapientiam

81 2294 285 2344 scriptoris
313 2294 518 2345 aperiant,
558 2306 862 2346 nonnunquam,
897 2295 1047 2346 ingenii
1077 2295 1270 2333 acuminis
1307 2298 1446 2333 osten-

80 2349 193 2389 tandi
220 2362 364 2399 causa,
393 2351 507 2390 avide
533 2363 601 2390 eas
625 2356 807 2403 captasse
845 2351 1046 2398 videatur3
1076 2351 1182 2402 quod
1211 2356 1345 2389 tamen
1377 2362 1446 2389 ae-

83 2405 176 2445 tatis
201 2407 357 2458 potius,
385 2419 503 2457 quam
529 2407 734 2459 scriptoris
768 2408 905 2456 nnius,
943 2413 1041 2449 erat.
1099 2407 1188 2445 Hae
1222 2407 1448 2446 sententiae

85 2467 296 2501 occurrunt
322 2463 569 2515 legentibuS,
607 2466 675 2503 vel
710 2464 751 2502 in
784 2464 866 2503 fine
904 2462 966 2503 rei
1009 2463 1215 2503 cuiusdam
1251 2468 1448 2511 narratae,

86 2521 133 2556 ut
163 2517 308 2557 iudicia
339 2519 392 2558 de
427 2532 474 2558 re
501 2520 682 2572 exposita
709 2526 922 2568 acuantur,
957 2524 1170 2571 regantur,
1199 2523 1242 2558 et
1277 2520 1451 2572 sapienti

87 2573 257 2622 quodam
282 2581 497 2627 praecepto
520 2576 641 2615 animi
664 2577 932 2627 instruantur,
958 2589 993 2615 v·
1019 2589 1055 2615 c.
1084 2575 1117 2614 1.
1137 2575 1178 2615 2.
1202 2578 1243 2617 7.
1273 2582 1374 2616 extr.
1401 2575 1450 2617 n.

87 2631 156 2669 lo.
181 2629 247 2668 vel
268 2630 312 2669 in
334 2632 570 2671 transitione
587 2633 638 2671 ad
663 2645 750 2672 rem
777 2646 941 2681 novam,
972 2644 1139 2682 eamque
1164 2645 1349 2684 magnam
1376 2634 1451 2672 mi-

86 2697 271 2735 ramque,
303 2686 386 2726 sive
415 2688 467 2726 ad
501 2689 592 2727 talis
627 2689 687 2728 rei
722 2702 867 2727 novum
903 2693 1109 2735 eventum,
1139 2692 1224 2727 tum
1260 2695 1305 2728 ut
1336 2702 1453 2742 prae-

89 2745 204 2792 paret
229 2742 343 2793 quasi
369 2743 568 2793 animum,
594 2756 632 2785 v.
653 2757 690 2785 c.
719 2744 768 2788 11.
799 2748 868 2788 53.
894 2747 966 2787 75.
996 2750 1073 2787 etc.
1098 2749 1182 2787 tum
1206 2749 1253 2786 ut
1280 2746 1335 2786 de
1361 2758 1455 2786 cau-
