1728 3054
215 243 274 286 70
513 235 558 277 G.
588 233 867 286 VELLEH
907 236 1299 281 PATERCUM

224 351 411 402 civitatis
443 352 510 397 ius
550 350 718 412 recipi,
765 367 885 412 quae
926 367 1013 414 per
1046 368 1123 398 eos
1155 355 1201 398 in
1234 353 1283 399 id
1317 353 1462 414 ipsum
1495 370 1604 416 per-

224 423 414 475 venisset
457 420 712 481 fastigium,
773 437 857 482 pet
900 421 1025 481 quod
1068 423 1272 468 homines
1319 422 1515 468 eiusdem
1559 429 1607 469 et

229 491 375 553 gentis
409 494 454 534 et
487 491 737 550 sanguinis,
773 498 822 536 ut
856 498 1056 537 externos
1092 494 1371 551 alienosque,
1404 492 1628 537 fastidire*

190 564 397 621 4posset.
448 557 503 603 ld
539 552 711 604 bellum
746 562 937 620 amplius
973 561 1105 607 CCC.
1148 562 1380 606 iuventutis
1425 561 1607 606 Italicae

229 626 426 673 abstulit.
495 627 735 673 Clarissimi
768 637 917 675 autem
961 631 1253 691 imperatores
1297 630 1475 675 fuerunt
1508 631 1609 674 Ro-

228 698 352 743 mani
389 710 445 741 eo
479 697 627 753 bello,
663 698 743 744 Cn.
778 700 1048 759 Pompeius,
1084 700 1165 745 Cn.
1202 699 1409 760 Pompeii
1445 699 1609 759 Magni
1661 708 1664 709 ’

229 773 384 828 pater,
427 764 479 811 C.
514 766 709 825 Marius,
758 768 817 813 de
864 783 954 826 quo
989 770 1320 829 praediximus,
1368 768 1422 813 L.
1468 768 1608 823 Sulla,

196 849 348 886 „anno
383 840 485 879 ante
523 843 732 896 praetura
766 837 965 892 functuS,
1008 839 1066 894 Q.
1102 838 1340 893 Metellus,
1386 836 1614 882 Numidici

233 905 375 960 filius,
419 903 498 962 qui
540 906 746 950 meritum
782 920 1038 965 cognomen
1081 907 1152 951 Pii
1194 912 1457 952 consecutus
1505 911 1610 950 erat.

194 973 425 1033 5Quippe
468 974 704 1034 expulsum
761 975 935 1019 civitate
990 990 1018 1019 a
1059 975 1114 1020 L.
1151 975 1388 1020 Saturnino
1432 975 1611 1019 tribuno

231 1043 356 1103 pleb.
391 1042 517 1100 quod
554 1044 673 1092 solus
707 1043 753 1087 in
785 1045 913 1104 leges
949 1044 1039 1088 eius
1072 1045 1218 1088 iurare
1251 1044 1478 1102 noluerat,
1512 1044 1613 1103 pie-

232 1118 324 1156 tate
369 1126 470 1166 sua,
515 1113 776 1164 auctoritate
828 1119 1026 1172 senatus,
1080 1127 1296 1158 consensu
1341 1113 1392 1157 P.
1437 1113 1496 1156 R.
1539 1127 1614 1156 re-

232 1179 369 1225 stituit
411 1184 601 1239 patrem.
647 1182 745 1227 Nec
787 1181 1026 1241 triumphis
1071 1174 1433 1239 honoribusque,
1479 1196 1615 1239 quam

234 1255 311 1294 aut
344 1263 478 1293 causa
511 1250 650 1305 exilii,
700 1255 776 1295 aut
819 1250 974 1308 exilio,
1017 1256 1093 1296 aut
1134 1250 1282 1296 reditu
1328 1250 1489 1295 clarior
1530 1250 1615 1295 fuit

234 1317 510 1364 Numidicus,

373 1384 509 1446 GAP.
543 1385 667 1431 XVI.
715 1385 975 1432 Italicorum
1015 1391 1164 1431 autem
1199 1386 1378 1431 fuerunt
1411 1386 1616 1445 celeber-

236 1453 347 1501 rimi
374 1454 538 1511 duces,
583 1455 680 1500 Silo
715 1455 998 1515 Popaedius,
1044 1455 1207 1500 Herius
1241 1454 1440 1511 Asinius,
1475 1456 1617 1499 Inste-

237 1524 305 1568 ius
342 1522 480 1578 Cato,
527 1523 580 1569 C.
615 1524 869 1583 Pontidius,
917 1524 1151 1570 Telesinus
1195 1524 1401 1580 PontiuS,
1445 1523 1617 1569 Marius

199 1593 486 1653 2Egnatius,
529 1593 694 1653 Papius
741 1593 959 1638 Mutilius.
1016 1595 1177 1651 Neque
1211 1607 1301 1654 ego
1334 1593 1615 1646 verecundia,

239 1661 473 1707 domestici
517 1662 743 1723 sanguinis
784 1663 960 1724 gloriae
1005 1663 1273 1722 quicquam,
1318 1661 1427 1705 dum
1464 1677 1618 1706 verum

237 1731 415 1791 refero,
462 1732 734 1777 subtraham.
806 1732 993 1793 Quippe
1025 1733 1216 1778 multum
1248 1730 1424 1775 Minatii
1456 1730 1620 1792 Magii,

239 1876 501 1920 defungeretur.
547 1874 611 1909 ubi
649 1875 901 1921 defungeretur

238 1922 434 1968 signifieat,
478 1921 633 1966 periculo
681 1923 899 1958 liberaretur.

238 1968 386 2013 Aptior-a
417 1968 577 2011 exempla
605 1968 694 2001 haee
715 1973 811 2002 sunt:
837 1969 897 2003 Iu-

239 2015 318 2050 stin.
343 2015 405 2049 lx.
437 2013 471 2048 2.
502 2015 533 2048 εἰ
556 2018 633 2048 voto
650 2015 761 2059 fungi
782 2016 898 2050 vellet

240 2061 355 2096 Tacit.
391 2060 479 2094 Anu.
522 2061 612 2096 XIV.
648 2060 706 2096 20.
749 2073 825 2095 cum
857 2073 898 2095 eo

241 2113 356 2142 sumtu
377 2119 466 2151 resp.
484 2109 673 2152 fungatur.
696 2107 833 2150 Ulpian.
855 2109 896 2141 L.

241 2154 277 2189 3.
302 2155 348 2189 1).
371 2154 414 2186 dc
436 2154 504 2187 dot.
529 2153 608 2188 coll.
635 2153 673 2186 Si
685 2154 768 2196 filia
784 2155 900 2198 fuerit

242 2200 340 2235 heres
371 2200 551 2242 instituta,
593 2200 774 2234 collatione
809 2201 900 2235 dotis

241 2258 310 2280 non
341 2248 438 2291 sung
439 2251 525 2280 etur.
583 2246 707 2280 Glossa
753 2246 899 2281 Isidori·

243 2293 434 2338 Fungitur,
464 2292 575 2326 solvit.
597 2292 704 2326 Plura
727 2301 770 2326 ex
792 2293 900 2328 Iuris-

242 2339 406 2374 consultis
430 2337 585 2373 Brisson.
608 2339 651 2372 de
674 2339 717 2373 V.
743 2339 783 2374 S.

241 2407 821 2495 Ἰδῗῖίεὲιῖῗιᾶἰάξθὲεἳὲπιῗέκῖῗξ
836 2408 902 2499 ᾳξιιᾶ

243 2500 340 2543 infra
371 2511 408 2534 se
441 2505 474 2534 et
499 2500 681 2534 Caesarem
710 2512 744 2534 vs
735 2477 844 2535 J’deret
867 2505 903 2535 et

243 2557 349 2590 remp.
362 2546 540 2580 Librarius
559 2558 623 2591 per
635 2548 725 2591 quod
744 2546 904 2591 scripsis-

242 2603 281 2626 se
314 2591 469 2634 videtur,
513 2593 756 2628 aberrantibus
791 2593 904 2629 oculis

243 2637 289 2673 ud
313 2638 469 2672 vicinum
490 2650 554 2684 per
574 2651 640 2674 eos.

280 2697 324 2738 5.
357 2694 392 2730 5.
433 2696 476 2732 L.
509 2698 708 2732 Saturnino.
737 2697 777 2732 Iu
810 2696 903 2732 Edit.

243 2751 297 2786 pr.
332 2741 427 2776 deest
456 2754 604 2788 praepos
589 2743 671 2779 sitio
714 2755 904 2789 11,qu

242 2788 321 2823 Ald.
341 2788 428 2831 Nep.
450 2789 639 2827 revocavit.

1010 1876 1049 1911 ἰη
1081 1877 1177 1929 leges
1211 1875 1296 1911 eius.
1330 1872 1395 1908 Ed.
1423 1872 1532 1909 Basil.
1562 1873 1621 1909 in-

964 1934 1066 1958 verso
1090 1921 1228 1955 ordine.
1253 1922 1290 1954 in
1314 1921 1387 1954 eins
1410 1920 1516 1966 leges.

1011 1979 1172 2003 consensu
1197 1967 1237 2001 P.
1262 1967 1305 2000 R.
1338 1967 1436 2000 Haec
1467 1971 1518 2000 est
1548 1966 1621 2000 Pu-

963 2015 1058 2049 teani
1080 2013 1262 2047 correctio.
1295 2013 1360 2047 Ed.
1384 2024 1437 2057 pr.
1459 2024 1623 2047 consensu

963 2062 1049 2105 reip.
1082 2061 1192 2094 Error
1223 2070 1266 2093 ex
1302 2058 1393 2093 notis
1431 2065 1550 2101 ortua,
1584 2062 1623 2094 ut

965 2107 1104 2141 centies.
1149 2105 1237 2140 Vide
1279 2105 1432 2150 lutei-pp.
1467 2105 1512 2140 ad
1543 2104 1622 2140 Liv.

1012 2176 1112 2234 CAP.
1136 2197 1227 2232 xvi.
1257 2198 1290 2240 §.
1314 2197 1348 2232 1.
1383 2196 1512 2231 Herius
1544 2196 1624 2231 Aei-

965 2247 1054 2280 m’us.
1090 2244 1150 2279 Sic
1183 2244 1290 2278 etiam
1324 2243 1401 2278 Liv.
1435 2243 1530 2287 Epic.
1520 2242 1622 2304 23.

967 2292 1030 2327 ubi
1052 2292 1132 2326 vide
1156 2291 1308 2325 Gronov.

1016 2350 1163 2383 Insteius
1183 2349 1279 2383 cato.
1299 2347 1351 2380 De
1373 2349 1476 2392 gente
1496 2346 1625 2381 Insteio.

969 2396 1131 2431 Cuiacius
1165 2394 1247 2429 obs.
1279 2393 1325 2427 X.
1347 2392 1406 2426 37.
1442 2393 1479 2427 C.
1512 2398 1548 2427 et
1585 2393 1624 2427 Β.

970 2442 1092 2476 Insteii
1121 2443 1437 2475 commemorantur
1475 2438 1511 2472 in
1548 2438 1624 2474 Liv.

968 2489 1111 2533 Fragm.
1144 2497 1252 2530 nuper
1283 2489 1421 2529 reperto
1451 2495 1535 2530 pag.
1564 2485 1623 2520 24.

967 2535 1024 2571 28.
1048 2533 1110 2569 ubi
1131 2533 1212 2568 vide
1235 2532 1285 2567 cl.
1307 2533 1538 2568 luvenatium.

1015 2603 1144 2648 Papius
1168 2601 1336 2636 Mutilius.
1369 2601 1430 2636 Sic
1453 2600 1547 2636 Edit.
1570 2610 1625 2643 pr.

968 2660 1039 2685 non
1063 2649 1191 2694 Papius
1214 2649 1378 2690 Mutilus,
1409 2650 1447 2682 ut
1479 2647 1525 2681 ab
1548 2646 1629 2681 aliis

969 2699 1126 2731 vocatur.
1161 2694 1248 2728 Vide
1276 2694 1390 2738 lnterp
1371 2705 1427 2738 pp.
1460 2693 1530 2728 ud
1541 2693 1578 2727 h.
1601 2692 1628 2729 l.

970 2745 1006 2777 et
1027 2740 1235 2786 wesseling.
1268 2741 1314 2776 ad
1336 2740 1438 2778 Diod.
1462 2739 1533 2776 sic.
1558 2739 1628 2774 Ex-

970 2791 1077 2834 eerpt.
1100 2798 1182 2834 pag·
1206 2786 1287 2823 539.
