1728 3054
246 180 334 222 22⁰

553 175 911 228 c.-VEL.LE11
950 177 1345 228 PATERGULI

390 291 526 339 GAP.
560 290 704 336 XCII.
739 293 1026 354 Praeclarum
1057 295 1310 340 excellentis
1347 295 1427 340 viri
1460 296 1629 349 factum

255 361 308 407 C.
339 360 480 406 Sentii
516 359 762 418 Saturnini,
809 362 928 408 circa
975 379 1029 408 ea
1067 370 1275 424 tempora
1314 366 1531 423 consulis,
1573 382 1630 411 ne

214 429 486 477 2fraudetur
513 430 743 475 memoria.

798 431 971 477 Aberat
999 433 1044 476 in
1075 433 1330 480 ordinandis
1359 435 1494 479 Asiae
1521 434 1631 479 Ori-

255 499 455 558 entisque
491 500 629 544 rebus
670 499 861 557 Caesar,
915 502 1230 547 circumferens
1270 509 1490 548 terrarum
1530 503 1632 548 orbi

252 569 505 629 praesentia
541 583 619 613 sua
657 568 783 628 pacis
815 584 919 614 suae
949 570 1082 615 bona.

1153 571 1277 617 Tum
1309 571 1484 617 Sentius
1513 572 1631 616 forte

255 644 300 683 et
322 638 457 694 solus,
479 642 524 683 et
553 638 733 683 absente
763 637 972 695 Caesare,
1007 639 1111 686 Cos.
1131 654 1235 686 cum
1257 640 1360 696 alia,
1393 641 1540 700 prisca
1559 656 1632 686 se-

253 707 442 769 veritate
469 721 732 766 summaque
763 709 1021 765 constantia,
1056 714 1208 754 vetere
1239 709 1472 756 consulum
1504 724 1631 754 more

255 774 342 837 [ac
379 774 642 838 severitate]
681 776 908 836 gessisset,

970 778 1257 836 protraxisset
1287 779 1630 838 publicanorum

252 845 458 904 fraudes,
507 844 706 905 punisset
748 846 1001 902 avaritiam,
1044 848 1298 907 regessisset
1334 848 1380 893 in
1413 847 1631 892 aerarium

254 914 468 974 pecunias
496 914 728 974 publicam,
762 919 858 959 tum
894 915 942 959 in
971 915 1161 961 comitiis
1196 915 1417 961 habendis
1449 918 1631 976 praeci-

214 999 397 1049 3puum
428 983 523 1044 egit
560 983 801 1029 consulem.
870 985 988 1029 Nam
1020 989 1065 1029 et
1096 990 1378 1043 quaesturam
1414 991 1630 1045 petentes,

251 1067 367 1112 quos
409 1052 620 1113 indignos
660 1052 899 1111 iudicavit,
942 1053 1147 1113 profiteri
1184 1054 1344 1108 vetuit3
1399 1060 1466 1110 et,
1509 1068 1629 1109 cum,

250 1122 302 1166 id
337 1122 535 1167 facturos
563 1134 624 1178 se,
657 1129 1006 1182 perseverarent,
1035 1123 1328 1179 consularem,
1364 1122 1400 1168 si
1428 1122 1474 1167 in
1503 1138 1629 1170 cam-

212 1206 365 1252 4pum
398 1190 750 1248 descendissent,
783 1191 1026 1238 vindictam
1052 1193 1242 1236 minatus
1265 1198 1341 1237 est.
1377 1191 1438 1236 Et
1469 1191 1630 1252 Egna-

253 1261 394 1315 tium,
438 1259 673 1307 florentem
712 1260 869 1307 favore
908 1260 1123 1320 publi00,
1167 1265 1535 1321 sperantemque,
1581 1265 1630 1304 ut

250 1334 511 1390 praeturam
538 1329 767 1383 aedilitati,
788 1330 853 1373 ita
880 1330 1159 1375 consulatum
1184 1335 1422 1389 praeturae
1451 1344 1506 1384 se
1527 1330 1629 1373 iun-

252 1403 453 1454 cturum,
486 1398 691 1458 profiteri
718 1398 877 1451 vetuit;
909 1403 982 1459 et,
1018 1412 1121 1446 cum
1150 1397 1199 1442 id
1237 1412 1328 1442 non
1355 1397 1630 1456 obtinuisset,

250 1467 432 1527 iuravit,
479 1467 649 1512 etiamsi
687 1467 831 1512 factus
883 1473 996 1512 esset
1036 1467 1140 1516 Cos.
1186 1466 1411 1527 suffragiis
1451 1467 1629 1526 populi,

213 1542 402 1588 5tamen
446 1551 493 1581 se
533 1552 637 1586 eum
676 1551 767 1580 non
806 1537 1178 1583 renunciaturum.
1250 1536 1389 1592 Quod
1427 1549 1518 1595 ego
1555 1535 1630 1579 fa—

252 1612 376 1651 ctum
411 1605 592 1653 cuilibet
628 1611 829 1650 veterum
871 1606 1102 1651 consulum
1139 1605 1315 1667 gloriae
1359 1619 1628 1664 comparan-

252 1675 363 1719 dum
393 1689 522 1730 reor,
567 1674 648 1722 nisi
685 1674 1122 1733 quod‘naturaliter,
1156 1674 1307 1721 audita
1335 1674 1437 1718 visis
1468 1673 1629 1717 lauda-

249 1759 348 1789 mus
393 1744 626 1798 libeutius;
669 1751 714 1789 et
751 1744 1002 1804 praesentia
1035 1743 1229 1802 invidia,
1271 1742 1512 1804 praeterita
1548 1757 1630 1787 ve·-

247 1881 282 1918 4.
308 1881 470 1916 Ceterum
492 1881 646 1917 Velleius
668 1882 849 1927 eleganter
869 1884 906 1918 et

247 1928 389 1974 proprie
420 1927 508 1962 dixit
534 1930 639 1967 ruina
660 1929 804 1974 proteri.
831 1929 904 1963 Cic.

250 1975 295 2008 de
332 1975 430 2008 Orat.
463 1975 509 2009 11.
542 1975 599 2010 86.
630 1987 739 2020 neque
767 1980 906 2019 possent

249 2022 355 2059 ruina
381 2021 522 2056 obtritos
546 2023 786 2056 internoscere.
800 2021 803 2025 '
817 2022 905 2065 [Un-

250 2069 294 2101 de
318 2068 544 2111 corrigendus
568 2068 698 2112 Sulpic.
733 2068 854 2103 Sever.
877 2068 905 2102 1.

248 2114 307 2154 29.
345 2114 515 2159 turbaque
553 2116 661 2148 omnis
704 2115 810 2148 ruina
844 2114 907 2148 do-

249 2172 326 2194 mus
345 2161 492 2250 ]obruta.
540 2161 657 2206 Lege,
689 2161 830 2197 obtrita.
853 2160 908 2196 Ex

248 2208 340 2242 Am).

295 2265 397 2300 CAP.
438 2265 544 2300 xcn.
585 2265 618 2309 §-
641 2263 675 2299 2.
709 2265 908 2309 praesentia

248 2323 315 2346 sua
326 2311 425 2356 pacis
442 2323 528 2345 suae
546 2312 647 2345 bona.
672 2312 798 2354 Miror,
815 2309 907 2345 istud

247 2370 313 2392 sua
340 2369 425 2392 suae
455 2358 613 2392 virorum
636 2357 818 2392 doctorum
841 2368 906 2391 au—

246 2416 302 2438 res
326 2415 394 2438 non
417 2404 612 2438 offendisse.
655 2406 768 2449 Lege:
799 2415 906 2448 prae-

246 2451 360 2486 sentia
383 2452 482 2495 pacis
508 2462 592 2484 suae
616 2450 715 2486 bona.
742 2451 906 2485 Praesen-

248 2498 302 2532 tia
337 2508 406 2531 non
438 2497 695 2535 substantivum
735 2501 806 2536 est,
845 2496 906 2531 sed

248 2543 473 2578 adieetivum.
491 2544 591 2577 Bona
607 2544 808 2588 praesentia
827 2545 906 2577 sunt

247 2595 355 2631 certa,
380 2601 532 2635 magna,
563 2595 696 2634 parata.
722 2590 823 2633 Quae
845 2600 904 2623 vo-

248 2635 298 2669 cis
321 2637 415 2670 notio
441 2637 568 2670 centies
590 2637 765 2681 explicata
798 2638 850 2669 est
882 2645 904 2669 a

247 2681 334 2716 viris
356 2683 512 2717 eruditis.
545 2683 618 2717 Cic.
645 2683 689 2717 ad
712 2682 791 2716 Div.
815 2682 844 2715 1.
869 2681 903 2715 9.

245 2729 319 2772 Qui
350 2729 413 2764 tibi
450 2741 491 2763 ex
520 2740 575 2764 me
607 2731 749 2774 fructus
778 2729 903 2766 deben-

970 1887 1048 1925 tur,
1095 1893 1152 1917 eos
1190 1881 1364 1919 uberiores
1397 1883 1432 1916 et
1459 1889 1627 1924 praesen-

970 1930 1075 1965 tiores
1091 1939 1258 1975 praesens
1283 1938 1406 1972 capere
1421 1926 1604 1971 potuisses.

1019 1998 1094 2021 cum
1116 1987 1202 2028 alia,
1221 1986 1337 2031 prisca
1355 1984 1541 2025 severitate
1560 1986 1626 2020 etc,

971 2033 1195 2079 negendam:
1225 2043 1301 2066 cum
1322 2031 1417 2073 alia,
1438 2030 1552 2074 prisca
1571 2040 1623 2063 se-

972 2081 1122 2114 veritate
1164 2088 1366 2122 summaque
1418 2076 1626 2118 constantia,

973 2131 1129 2161 veterum
1154 2126 1330 2160 consulum
1352 2134 1464 2166 more,
1497 2123 1628 2167 gessi&-

974 2177 1039 2207 set.
1090 2173 1250 2206 Veterum
1284 2169 1487 2209 confirmat,
1533 2167 1627 2211 quod

973 2229 1056 2254 mox
1086 2218 1259 2262 sequitur:
1300 2216 1439 2250 cuilibet
1471 2219 1627 2248 veterum

973 2266 1148 2299 consulum
1171 2264 1308 2309 gloriae
1343 2261 1625 2305 comparandum.

973 2312 1091 2345 Verba
1121 2322 1163 2345 ac
1197 2309 1382 2344 severitate
1410 2312 1541 2342 temere
1572 2318 1625 2340 re-

971 2358 1086 2402 petita
1128 2352 1208 2391 sunt
1249 2367 1291 2390 ex
1330 2351 1627 2398 praecedentibus,

968 2405 1087 2449 prisca
1124 2403 1321 2437 severitate.
1363 2402 1501 2449 ltaque*
1528 2399 1626 2433 uncis

972 2448 1237 2492 circumscripsi.
1290 2445 1507 2482 constructio
1542 2456 1626 2483 con-

969 2496 1183 2531 iunctionum
1207 2506 1294 2536 cum,
1317 2498 1403 2534 tum,
1422 2502 1512 2536 quae
1529 2492 1626 2525 Bur·

970 2554 1098 2576 manno
1122 2542 1221 2575 Misc.
1246 2541 1329 2576 Obs.
1348 2540 1436 2573 vm.
1452 2536 1624 2583 pag.394.

970 2588 1195 2633 displicebat,
1238 2586 1322 2622 satis
1360 2585 1534 2620 vindicata
1573 2587 1625 2619 ut

969 2635 1013 2670 ud
1037 2635 1080 2671 Ι-Ι.
1104 2635 1162 2669 68.
1186 2633 1221 2669 4.

1015 2682 1047 2723 §-
1073 2680 1105 2715 5.
1127 2679 1330 2725 praesentia
1353 2678 1499 2719 invidia,
1515 2687 1623 2721 prae-

967 2729 1075 2763 terita
1096 2730 1161 2763 etc.
1186 2727 1290 2763 Hane
1310 2724 1515 2762 senteutiam
1538 2721 1622 2757 Vel-
