1728 3054
187 175 252 213 XI,
534 166 821 213 nmmum
865 164 1220 209 nonWELm

195 283 318 325 drare
341 281 409 323 vix
435 282 569 337 possit
589 279 740 322 velleii
768 278 838 322 illa
866 278 919 319 ad
946 279 1215 332 Quaesturam
1239 277 1476 333 designatIo.
1504 278 1590 322 An-

199 340 419 392 tiquiorem
457 352 538 379 nou
579 338 709 377 fuisse
748 348 800 376 ex
839 335 959 381 dictis
992 339 1164 376 constat.
1221 334 1306 376 Sed
1345 349 1399 376 ne
1425 336 1590 389 quidem

201 397 332 438 serior
363 407 457 436 esse
486 394 632 447 potuit.
689 392 752 433 lta
779 392 888 433 enim
920 395 1078 432 matura
1117 394 1207 433 erat
1227 389 1316 432 hac
1343 397 1501 433 aestate
1522 405 1591 434 re-

201 452 368 494 bellium
395 450 586 498 defectio,
612 450 671 494 ita
700 461 894 502 praesens
923 449 1021 490 inde
1049 453 1200 498 metus,
1227 448 1376 493 decimi
1398 450 1590 492 nimirum

203 509 288 551 diei
314 508 462 547 itinere
496 506 589 549 urbi
624 505 706 559 ipsi
732 505 1047 555 imminentium,
1089 509 1137 546 ut
1163 505 1206 546 in
1234 518 1382 546 annum
1417 507 1592 549 alterum

206 563 386 618 proferri
419 563 565 610 auxilia
601 563 672 604 illa
707 575 789 603 non
818 562 1037 616 potuerint,
1101 562 1230 609 Immo
1257 563 1337 603 hoc
1365 563 1456 616 ipso
1485 575 1592 606 auno

204 622 365 662 iunctos
395 618 580 664 Velleius
607 617 651 674 *)
677 619 831 660 fatetur
857 619 1082 668 exercitus,
1121 619 1285 660 aliunde
1312 620 1501 663 nimirum
1526 633 1593 660 ar-

207 677 390 720 censitos.
448 675 536 716 Nec
569 676 728 723 iunctos
753 675 897 724 modo,
933 688 1074 716 verum
1109 676 1232 716 etiam
1269 689 1345 727 eo,
1386 677 1497 717 unde
1523 689 1595 717 ve⁴

207 738 374 783 nerant,
423 734 628 781 remissos.
701 732 763 773 Ita
794 733 983 779 nimirum
1026 736 1209 781 mature,
1256 737 1303 774 ut
1342 734 1594 786 asperrimae

206 790 354 836 hiemis
383 790 500 830 initio
533 801 744 842 regressus
776 793 921 842 postea
952 789 1124 831 Sisciam
1151 789 1278 835 fuerit
1306 789 1508 833 Tiberius.
1537 790 1595 832 Et

166 845 168 848 ’
208 847 374 899 quidem
406 846 526 886 huius
560 847 654 886 anni
685 846 857 886 hiberna
900 844 1054 886 Sisciae
1098 846 1269 889 Tiberio
1307 846 1437 887 fuisse
1469 853 1594 899 atque

206 903 455 953 Messalino,
482 907 631 947 testem
652 903 850 950 habemus
884 901 1080 945 disertum
1110 900 1295 949 Dionem.
1312 902 1384 960 **)
1413 903 1476 946 Ita
1503 916 1594 944 cer-

162 1008 171 1017 .>
208 964 297 1001 tum
325 963 408 1009 est,
443 960 524 1005 hoc
557 960 648 1015 ipso
680 972 808 1009 anno,
845 963 940 1012 post
965 959 1124 1000 initium
1153 960 1345 1014 aestatis,
1377 964 1420 1002 et
1455 964 1595 1004 tamen

207 1020 304 1059 ante
335 1016 483 1064 hiemis
508 1017 632 1059 etiam
661 1015 842 1067 initium,
869 1016 1076 1071 appulisse
1098 1015 1318 1061 Veneium.

291 1152 335 1210 §0
363 1156 405 1198 4.
431 1152 540 1217 χΗοσ
566 1166 678 1198 anno
713 1148 894 1194 Velleius
925 1144 1140 1205 Quaestor*
1162 1151 1413 1207 designatus
1441 1157 1520 1194 est.

325 1254 524 1298 Convenit
560 1258 794 1309 praeterea,
839 1253 948 1309 quod
981 1254 1063 1296 hoc
1100 1254 1193 1295 fere
1227 1254 1374 1306 eodem
1410 1257 1598 1308 tempore

212 1310 457 1367 Agrippam,
491 1313 564 1365 qui
590 1311 737 1353 eodem
763 1311 858 1362 die,
896 1324 990 1365 ,quo
1033 1311 1249 1360 Tiberius,
1286 1309 1511 1366 adoptatus
1543 1310 1598 1352 ab

215 1382 295 1413 avo
321 1382 397 1411 suo
426 1369 623 1414 naturali
643 1373 759 1418 erat,
789 1370 944 1413 etiam
975 1373 1073 1414 ante
1101 1368 1336 1418 biennium,
1365 1369 1502 1422 qualis
1531 1380 1598 1408 es-

213 1430 304 1475 set,
349 1437 555 1479 apparere
590 1430 812 1478 coeperat,
853 1424 995 1479 patris
1031 1430 1157 1478 atque
1197 1423 1387 1469 eiusdem
1428 1425 1500 1465 avi
1530 1423 1601 1464 sm·

213 1479 449 1538 (Augusti)
497 1483 685 1522 animum
722 1481 933 1522 alienasse
973 1481 1055 1522 sibi
1093 1481 1204 1521 idem
1238 1485 1416 1521 testetur
1451 1480 1599 1521 Velle-

212 1538 292 1581 ius.
322 1535 413 1592 ***)
451 1537 665 1585 Biennium
696 1538 797 1577 illud
841 1538 893 1581 ab
933 1538 1174 1591 adoptione,
1225 1550 1329 1589 quae
1364 1541 1500 1579 tantos
1535 1537 1599 1578 illi

213 1594 369 1637 animos
409 1594 586 1646 fecerat,
625 1595 806 1635 arcessit.
863 1594 979 1646 Quae
1019 1607 1111 1635 cum
1147 1593 1295 1637 eodem
1325 1597 1509 1647 tempore
1544 1594 1599 1635 sit

214 1651 348 1703 facta,
386 1664 466 1704 quo
496 1655 540 1693 et
569 1651 640 1692 illa
669 1650 851 1699 Tiberii;
890 1650 1062 1705 proinde
1089 1651 1182 1692 fieri
1208 1651 1274 1692 vix
1301 1655 1464 1704 potest,
1501 1651 1600 1703 quin

213 1708 420 1752 biennium
461 1708 541 1751 hoc
577 1709 669 1762 ipso
704 1707 875 1748 desierit
903 1720 1029 1757 anuo,
1067 1708 1122 1748 de
1161 1721 1240 1760 quo
1281 1707 1461 1760 agimus,
1495 1710 1599 1754 759.

213 1764 327 1810 Nova
353 1765 477 1816 haec,
503 1767 551 1805 ut
576 1765 750 1814 videtur,
777 1764 966 1805 alienatio
994 1778 1019 1804 a
1044 1766 1147 1817 toga
1169 1764 1274 1805 virili
1301 1764 1450 1818 eoepit,
1479 1776 1600 1816 quam

215 1822 408 1862 sumserit
446 1822 627 1876 Agrippa
674 1835 779 1862 anno
817 1821 1017 1875 superiori
1052 1824 1150 1864 758.
1217 1820 1286 1863 Sic
1322 1821 1430 1865 enim
1468 1820 1600 1870 Lucii,

214 1878 421 1932 Agrippae
447 1878 607 1928 fratris,
643 1878 800 1922 ferocia
826 1878 957 1931 prima
981 1877 1188 1932 apparuit,
1223 1890 1317 1919 cum
1345 1882 1466 1931 togae
1493 1877 1601 1918 virili
1654 1911 1657 1914 .

216 1942 375 1976 maturo
414 1934 513 1975 caio
556 1936 675 1976 fratri
727 1935 977 1976 consulatum
1022 1939 1200 1987 rogaret.
1272 1933 1373 1975 Inde
1413 1935 1600 1986 Augusto

216 1991 415 2032 bonorum
450 1995 711 2044 paternorum
739 1992 1016 2033 detentionem
1055 1991 1331 2044 exprobravit3
1371 1991 1482 2044 quod
1520 1991 1602 2032 sci-

217 2049 336 2098 licet,
374 2048 558 2088 Romano
596 2062 723 2090 censu
750 2049 831 2098 vir,
870 2053 980 2089 esset
1006 2049 1087 2090 iam
1114 2049 1158 2088 in
1186 2049 1383 2089 bonorum
1411 2051 1602 2101 paterno-

217 2118 308 2146 rum
345 2106 649 2157 possessionem
685 2105 917 2146 mittendus.
974 2105 1107 2146 Recte
1134 2105 1323 2148 nimirum
1350 2104 1445 2154 ille,
1473 2105 1510 2144 si
1537 2104 1602 2147 sui

215 2162 365 2202 fuisset
395 2162 517 2210 iuris,
557 2175 634 2204 nec
674 2163 718 2203 in
756 2162 926 2202 alienam
954 2165 1223 2216 potestatem,
1265 2175 1358 2204 cum
1386 2161 1602 2215 adoptare-

215 2223 308 2266 tur,
337 2219 588 2270 emigrasset.
645 2219 772 2260 Paulo
808 2219 971 2271 quidem
999 2219 1129 2259 serius
1156 2219 1253 2268 ille,
1281 2231 1401 2271 quam
1428 2230 1601 2259 necesse

217 2279 328 2324 erat,
363 2279 500 2328 togam
538 2277 702 2326 sumsit,
741 2276 811 2329 qui
839 2288 942 2317 anno
968 2275 1060 2327 illo,
1100 2288 1179 2328 quo
1207 2275 1344 2315 fuerat
1371 2274 1601 2327 adoptatus,

216 2344 364 2372 annum
400 2332 545 2372 aetatis
581 2333 818 2386 expleturus
857 2336 946 2373 erat
981 2331 1074 2372 XV.
1115 2335 1234 2372 natus
1268 2331 1457 2372 nimirum
1495 2343 1601 2371 anno

216 2388 329 2428 urbis
366 2387 619 2430 Varroniano
656 2393 832 2434 exeunte
866 2391 962 2432 742.
999 2388 1114 2429 cuius
1148 2401 1290 2429 mense
1326 2387 1478 2429 Martio
1527 2387 1601 2428 de-

217 2448 398 2485 cesserat
425 2449 542 2498 pater
568 2446 770 2499 Agrippa,
805 2447 896 2499 ipse
923 2446 1138 2486 Postumus
1164 2445 1337 2499 proinde
1363 2444 1602 2497 appellatus,

216 2500 328 2553 quod
355 2507 450 2554 post
474 2507 649 2544 mortem
686 2503 814 2557 patris
842 2502 992 2545 fuisset
1022 2502 1169 2546 editus.
1227 2500 1404 2544 Proinde
1431 2513 1601 2543 consen-

222 2669 228 2675 ·
307 2609 467 2714 svs,
577 2624 740 2708 m
754 2624 855 2708 ῆι,

306 2715 385 2761 w)
418 2716 507 2751 νου.
540 2716 604 2752 m».
634 2718 681 2754 ιι.
712 2728 792 2764 cap.
827 2717 908 2755 112.
