1728 3054
230 231 408 272 xxxvm
584 222 866 268 HENRICI
912 220 1265 265 DODWELLI

233 342 340 384 enim
369 340 536 381 Tiberio
563 338 752 379 comitem
781 336 894 377 addit
921 334 1127 385 Velleius,
1165 339 1258 389 post
1292 335 1485 389 hiberna,
1519 349 1612 378 cum

233 399 526 452 aggrederetur
554 394 851 436 Maroboduum
872 393 977 447 ,ipse
1015 392 1218 433 Tiberius.
1260 393 1353 434 ‘Hic
1390 405 1468 445 ego
1503 392 1614 434 lacu-

233 469 326 497 nam
351 457 392 495 in
422 453 580 495 Velleio
610 463 702 492 esse
728 450 934 503 suspicor,
972 450 1042 505 (de
1072 463 1150 502 qua
1177 454 1315 491 tamen
1343 450 1452 491 nulla
1480 451 1615 492 adhuc

233 512 341 566 apud
380 510 585 558 eruditos,
633 508 741 560 quod
781 508 943 560 quidem
982 508 1129 555 sciam,
1183 507 1379 548 hactenus
1418 506 1614 564 suspicio)

234 583 314 621 qua
342 567 439 608 belli
468 567 644 614 exitum,
683 562 803 617 quem
832 564 911 604 hoc
941 577 1045 604 anno
1073 565 1197 605 tertio
1227 564 1438 614 habuerit,
1474 565 1614 605 distin-

234 627 338 666 ctius
376 623 638 663 enarraverit.
693 621 846 662 Locum
888 622 1056 662 lacunae
1093 621 1222 661 fuisse
1258 625 1358 675 puto
1395 626 1489 675 post
1526 635 1616 662 ver-

233 682 330 723 bum
361 679 548 721 duceret.
579 678 812 732 Sequuntur
841 678 990 719 deinde
1018 679 1107 719 illa:
1132 677 1176 733 *)
1205 678 1301 733 Ipse
1330 691 1358 720 a
1390 678 1618 731 Carnunto,

235 739 310 792 qui
336 737 453 780 locus
469 735 624 778 Norici
649 737 776 789 regni
792 736 1016 790 proximus
1036 732 1090 777 ‘ab
1119 736 1198 776 hac
1218 741 1347 790 parte
1369 741 1474 785 erat,
1495 749 1618 777 eser-
1698 771 1699 774 ,

236 796 390 843 citum,
429 794 503 847 qm·
537 794 580 833 in
619 792 793 848 Illyrico
826 792 1036 844 merebat,
1076 791 1232 833 ducere
1268 794 1312 833 in
1352 792 1620 846 Marcoman-

234 864 313 891 nos
348 863 471 891 orsus
509 855 585 891 est.
641 850 746 890 Nam
782 862 863 889 nou
899 849 1119 890 cohaerent
1144 850 1214 890 illa
1242 863 1334 891 cum
1362 851 1496 891 verbis
1525 863 1619 904 pro-

235 908 344 949 xime
370 907 723 960 praecedentibus.
782 907 881 958 Quis
911 907 1017 947 enim
1046 919 1196 959 quaeso
1222 907 1311 961 ipse
1338 907 1428 956 ille,
1458 908 1511 948 de
1541 920 1620 960 quo

235 965 421 1005 meminit
448 962 655 1013 Velleius,
692 965 762 1016 qui
791 964 1015 1003 exercitum
1041 964 1155 1003 illum
1185 964 1362 1012 duxerit,
1390 964 1459 1016 qui
1487 978 1620 1005 mere-

236 1022 308 1062 bat
334 1022 377 1062 in
405 1020 603 1073 lllyrico‘!
647 1021 740 1061 Non
770 1021 913 1072 aliquis
944 1024 1078 1070 certe,
1113 1020 1226 1062 cuius
1255 1022 1407 1062 mentio
1431 1034 1621 1073 praeces-

237 1083 349 1119 serat
384 1078 428 1117 in
452 1077 622 1118 Velleio.
681 1077 773 1118 Non
801 1078 891 1130 ipse
920 1077 1135 1129 Tiberius,
1172 1078 1241 1130 qui
1277 1079 1356 1119 iam
1395 1082 1506 1126 erat,
1540 1091 1621 1120 non

236 1136 283 1177 in'
308 1134 492 1187 Illyrico,
519 1135 594 1174 sed
624 1135 863 1184 Germania,
900 1134 953 1174 de
982 1147 1060 1187 quo
1091 1134 1237 1186 etiam,
1266 1135 1405 1187 paucis
1432 1135 1623 1189 interpo-

237 1191 351 1240 sitis,
387 1192 456 1231 illa
485 1191 712 1244 subiungit:
752 1191 1096 1245 Praeparaverat
1142 1192 1228 1231 iam
1260 1191 1432 1232 hiberna
1465 1190 1621 1232 Caesar

241 1247 300 1289 'ad
337 1247 594 1288 Danubium.
662 1248 777 1289 Alius
817 1249 953 1300 itaque
993 1262 1018 1288 a
1054 1248 1233 1288 Caesare
1278 1249 1513 1300 praefectus
1551 1249 1623 1289 ille

241 1306 445 1346 exercitus
481 1305 710 1357 Illyriciani.
780 1305 915 1345 Multo
951 1305 1083 1344 minus
1123 1304 1386 1354 Saturninus,
1437 1306 1506 1357 qui
1545 1305 1625 1346 alia

240 1375 409 1417 prorsus
432 1362 496 1401 via
524 1362 671 1402 missus
698 1363 741 1402 in
769 1361 1067 1402 Maroboduum
1098 1361 1234 1402 fuerat
1261 1376 1285 1402 a
1312 1362 1491 1403 Tiberio.
1532 1362 1625 1402 Non

242 1419 344 1458 alius
381 1422 470 1458 erat
505 1419 595 1471 ipse
632 1419 701 1459 ille
730 1433 754 1459 a
784 1417 945 1459 Velleio
973 1423 1244 1469 memoratus,
1287 1431 1407 1471 quam
1436 1418 1625 1460 Valerius

242 1475 511 1524 Messalinus,
553 1488 672 1527 quem
711 1475 871 1528 Illyrico
910 1475 1185 1528 praepositum
1222 1477 1403 1527 agnoscit
1439 1476 1527 1529 ipse
1556 1474 1625 1530 **)

243 1531 450 1580 Velleius,
494 1532 718 1572 Delmatiae
758 1545 806 1572 ae
841 1532 1069 1572 Pannoniae
1098 1529 1193 1587 ***)
1234 1532 1322 1573 Dio.
1368 1532 1475 1572 Duas
1517 1532 1627 1572 enim

210 1615 215 1626 1
243 1589 333 1629 illas
362 1589 586 1641 provincias
624 1589 776 1641 lllyrici
813 1589 1015 1628 communi
1051 1589 1212 1628 nomine
1241 1589 1626 1641 complectebantur.

244 1646 401 1687 Accivit
431 1645 560 1695 ⁴illum
609 1658 660 1686 ex
698 1646 860 1698 Illyrico
898 1645 1098 1686 Tiberius.
1175 1645 1450 1698 Convenitque
1487 1647 1567 1686 iter
1603 1659 1629 1686 a

244 1702 405 1743 Velleio
434 1703 702 1754 designatum.
761 1702 1007 1742 Carnuntum
1045 1702 1087 1741 in
1127 1701 1334 1742 Pannonia
1361 1707 1516 1755 ponunt
1545 1701 1629 1744 Ve-

245 1763 368 1800 teres.
435 1759 648 1810 Recteque
687 1771 738 1798 eo
774 1758 1003 1799 Pannoniae
1051 1758 1354 1811 Delmatiaeque
1388 1758 1628 1799 Praefectus

245 1817 327 1856 iter
366 1815 514 1856 fecerit
551 1816 762 1855 Tiberium
798 1820 960 1863 versuS,
1000 1815 1067 1867 qui
1106 1815 1275 1854 hiberna
1315 1817 1366 1856 ad
1402 1815 1629 1856 Danubium

246 1876 468 1927 paraverat.
532 1872 663 1913 Recte
712 1872 899 1912 nimirum
939 1877 1120 1911 moturus
1169 1871 1210 1911 in
1251 1872 1548 1912 Maroboduum
1586 1877 1630 1913 et

246 1929 606 1969 Marcomanniam.
675 1929 833 1968 Desunt
873 1940 970 1979 ergo
1013 1933 1103 1967 acta
1142 1929 1253 1968 tertii
1298 1929 1418 1968 huius
1457 1930 1550 1968 anni
1587 1929 1631 1970 in

247 1985 557 2026 Maroboduum.
615 1986 742 2026 Deest
779 1990 821 2024 et
856 1985 985 2038 prima
1021 1983 1175 2026 Valerii
1216 1985 1427 2026 Messalini
1465 1985 1632 2036 mentio,

248 2043 358 2083 unde
386 2042 617 2095 pendebant
646 2056 694 2082 ea
705 2073 716 2092 ‚
751 2055 853 2094 quae
893 2045 1036 2095 postea
1076 2043 1359 2093 sequebantur.
1415 2042 1529 2083 Haec
1571 2047 1633 2083 ta-

249 2112 344 2140 men
374 2099 518 2139 obiter.
576 2100 721 2139 Adhuc
761 2103 874 2138 certe
913 2099 1082 2138 durasse
1121 2099 1273 2139 bellum
1309 2111 1360 2139 ex
1395 2100 1486 2152 ipso
1509 2099 1632 2139 disci-

249 2169 340 2197 mus
358 2155 528 2197 Velleio.
549 2154 668 2211 ****)
705 2156 872 2195 Fractas
900 2155 1087 2195 nimirum
1114 2159 1293 2196 testatur
1318 2156 1389 2196 ille
1415 2160 1508 2209 post
1536 2157 1634 2196 ado-

248 2214 432 2266 ptionem
473 2213 660 2252 continua
701 2213 864 2252 triennii
905 2212 1069 2253 militia.
1087 2211 1330 2253 Germaniae
1366 2214 1485 2253 vires.
1534 2213 1633 2253 Tria

239 2269 440 2310 'nimirum
468 2270 660 2322 intelligit
698 2269 871 2320 aestiva,
911 2273 952 2308 et
987 2269 1036 2308 ab
1075 2269 1293 2322 adoptione
1330 2270 1420 2323 ipsa
1459 2270 1634 2310 deducta

252 2327 453 2367 continua.
511 2326 572 2383 Ita
612 2328 776 2366 aestatis
808 2326 927 2365 huius
971 2330 1128 2378 partem
1166 2327 1310 2366 saltem
1348 2327 1519 2378 aliquam
1557 2327 1633 2366 im-

253 2385 443 2436 penderit
486 2383 529 2423 in
573 2383 723 2424 bellum
767 2382 1050 2422 Germanicum
1089 2383 1281 2423 adversus
1323 2383 1632 2423 Maroboduum.

255 2441 383 2494 ldque
414 2441 564 2491 innuit,
609 2440 652 2481 ui
693 2439 838 2493 fallor,
878 2440 999 2481 etiam
1038 2440 1080 2481 in
1117 2452 1168 2481 eo
1206 2439 1407 2492 Velleius,
1435 2438 1487 2496 †)
1525 2440 1633 2492 quod

252 2534 534 2554 μ

348 2593 388 2660 :2
410 2593 499 2649 Vell.
519 2590 582 2632 lib.
610 2592 655 2627 11.
678 2602 756 2638 cap.
779 2590 869 2658 1⁰95,

347 2638 518 2753 132⁸ssss
535 2640 607 2739 iiii,
625 2638 776 2720 ilincssgs
796 2638 885 2750 ἒὲὄὸ

350 2777 396 2822 †)
424 2728 920 2822 ieiiiuiiuiffbilflkafsspiildz'
