1728 3054
231 197 375 239 Lxxlv
599 190 889 240 HENRIOI
933 188 1283 241 DODWELM

235 308 339 361 cipis
366 307 492 361 ipsius
518 306 668 359 legati,
698 305 866 356 eiusque
894 304 1022 344 vicem
1046 304 1090 344 in
1119 304 1324 358 provincia
1352 305 1617 349 sustinebant.

230 366 414 407 Minores
452 364 513 404 illi
547 362 788 415 simplicium
819 361 1114 413 provinciarum
1151 362 1406 414 legionumve
1441 363 1616 415 singula-

230 435 321 462 rum
351 421 475 472 legati
503 420 697 459 maiorum
727 419 861 470 potius
890 418 1213 471 praefectorum,
1264 432 1382 471 quam
1411 419 1618 473 principis,

230 478 357 529 legati
386 478 662 516 habebantur:
695 480 741 515 ut
769 475 939 527 proinde
967 476 1206 515 sufficerent
1235 476 1316 516 illis
1348 476 1618 528 legationibus

231 534 427 585 obeundis
456 533 655 572 minorum
687 532 867 583 gentium
895 536 1124 581 senatores,
1154 533 1522 586 etiambtribunitii,
1550 546 1618 572 ae-

231 591 372 638 dilitii,
421 594 541 640 atque
584 589 824 641 quaestorii:
869 589 1087 642 praecipue
1122 589 1487 641 verolquaestorii3
1525 602 1618 630 cum

231 648 353 699 etiam
385 645 428 685 in
457 647 587 686 libera
617 645 845 698 republica,
882 650 1046 697 praeter
1073 659 1160 685 rem
1199 647 1495 698 pecuniariam,
1540 645 1618 686 alia

231 706 391 755 quoque
419 703 627 742 consulum
657 707 970 754 praetorumque
998 703 1134 741 munia
1161 716 1237 755 pro
1259 708 1443 755 tempore
1473 703 1618 742 absen-

230 760 331 800 tium
371 759 530 799 obirent
568 759 789 798 eorundem
831 762 1078 810 quaestores.
1145 759 1272 799 lmmo
1317 760 1450 799 variae
1500 755 1618 799 erant

229 817 272 856 i'n
309 828 390 855 una
430 816 654 869 eademque
687 815 891 868 provincia
933 815 1158 867 praetoria,
1196 817 1278 856 illis
1315 829 1477 868 quoque
1513 820 1618 855 tem-

230 874 421 927 poribus,
470 873 700 926 provinciae
747 872 1015 924 quaestoriae.
1092 872 1200 913 Duas
1246 878 1359 913 certe
1408 873 1538 913 fuisse
1573 873 1618 913 in

230 935 420 983 praetura
456 930 658 970 Siciliensi
706 930 828 980 docet
862 929 1073 969 Asconius.
1102 926 1148 982 *)
1207 929 1307 970 Inde
1345 930 1526 977 factum,
1570 932 1618 968 ut

227 988 318 1037 iure
343 987 468 1038 gladii
496 991 735 1027 ornarentur
758 986 882 1024 etiam
910 998 1033 1037 saepe
1063 990 1308 1037 quaestores.
1351 985 1452 1025 Inde
1475 986 1617 1035 etiam,

227 1048 275 1083 ut
300 1048 535 1097 praetorum
566 1042 857 1094 consulumque
883 1043 1022 1081 vicarii
1051 1047 1212 1091 essent,
1251 1043 1374 1083 etiam
1411 1043 1454 1081 in
1490 1044 1618 1095 impe·

226 1101 300 1141 rio.
359 1100 458 1141 Inde
495 1104 542 1140 ut
583 1101 759 1140 minores
795 1100 840 1138 hi
880 1098 1106 1150 legatorum
1144 1100 1439 1139 ordinariorum
1479 1099 1618 1151 legati,

226 1158 292 1198 'vel
322 1163 556 1210 quaestores
584 1158 733 1197 deinde
761 1160 925 1205 essent,
964 1156 1029 1195 vel
1060 1157 1292 1208 quaestorii.
1351 1156 1396 1195 ln
1434 1156 1499 1197 his
1541 1156 1618 1196 mi-

226 1219 368 1257 norem
419 1216 600 1266 gentium
641 1215 787 1266 legatis
825 1214 958 1253 locum
995 1213 1139 1253 habuit
1180 1212 1385 1262 Velleius,
1435 1210 1621 1254 secundo

224 1270 306 1311 hoc
334 1271 502 1313 militiae
530 1285 628 1313 suae
666 1270 819 1325 gradu,
855 1283 938 1312 non
964 1269 1046 1311 iam
1079 1270 1253 1324 amplius
1290 1266 1512 1324 equestris,
1541 1269 1616 1312 sed

226 1329 468 1371 senatoriae.

224 1505 227 1508 ·
267 1485 309 1542 §-
338 1487 409 1530 21.
465 1482 651 1527 Velleius
679 1483 1087 1581 Αιιςῑιεᾶἰῗέεςρίιιε,
1123 1488 1168 1529 et
1191 1487 1337 1526 tamen
1369 1483 1574 1527 obnoxius

909 1553 1012 1582 erto.

258 1674 262 1680 ¹
341 1655 470 1697 Addit
496 1668 620 1709 porro
643 1654 848 1706 Velleius,
875 1654 1055 1706 legatum
1081 1667 1127 1695 se
1157 1653 1339 1695 eiusdem
1362 1654 1416 1694 ad
1441 1654 1614 1697 eundem

227 1714 307 1754 hoc
344 1726 449 1752 anno
487 1713 616 1753 fuisse
651 1714 829 1752 missum.
888 1712 1135 1752 Meminerat
1175 1716 1311 1752 autem
1359 1725 1482 1764 supra
1516 1713 1616 1752 duo-

222 1784 329 1811 rum.
387 1770 553 1809 Dixerat
579 1770 709 1818 enim,
740 1781 786 1808 se
815 1768 958 1808 traditi
992 1770 1042 1809 ab
1071 1769 1255 1820 Augusto
1288 1769 1491 1808 exercitus
1519 1782 1615 1821 par-

227 1831 314 1867 tem
346 1827 400 1865 ad
437 1827 565 1865 filium
601 1827 690 1866 eius
726 1825 977 1877 perduxisse.
1043 1824 1143 1864 Inde
1181 1825 1339 1864 duobus
1381 1826 1504 1864 verba
1544 1826 1615 1866 illa

227 1884 360 1925 modis
387 1883 560 1934 intelligi
589 1886 780 1935 possunt:
818 1881 882 1920 vel
912 1881 1099 1920 nimirum
1126 1882 1204 1930 ita,
1231 1884 1276 1920 ut
1304 1882 1476 1932 Augusti
1504 1882 1615 1934 lega-

228 1945 295 1982 tus
324 1940 470 1980 missus
500 1940 626 1979 fuerit
657 1939 710 1978 ad
737 1938 970 1986 Tiberium3
1008 1938 1072 1977 vel
1108 1942 1153 1976 ut
1185 1937 1342 1977 Tiberii
1375 1938 1532 1990 legatus
1561 1939 1614 1980 ad

229 1998 402 2039 eundem
438 1997 726 2048 imperatorem
754 2008 870 2034 suum
898 1995 1054 2034 venerit
1083 1994 1307 2034 Tiberium.
1347 1994 1430 2034 Cur
1456 1996 1614 2036 Tiberii

230 2055 389 2107 legatus
414 2053 686 2105 intelligatur,
726 2065 774 2091 ea
804 2052 908 2091 ratio
940 2055 1027 2102 est,
1068 2051 1176 2103 quod
1207 2051 1363 2091 Tiberii
1388 2065 1481 2091 sese
1509 2053 1614 2092 mili-

229 2115 314 2152 tem
343 2110 408 2164 **)
445 2113 647 2162 agnoscat.
713 2108 840 2147 Immo
878 2109 1066 2148 continuo
1109 2108 1179 2147 illo
1218 2109 1434 2148 novennio
1455 2108 1613 2150 Tiberii

230 2182 278 2208 se
305 2167 371 2207 vel
399 2167 652 2220 praefectum
679 2166 806 2205 fuisse
836 2165 900 2204 vel
930 2165 1108 2216 legatum
1133 2165 1288 2213 innuit;
1328 2165 1424 2205 inde
1451 2178 1497 2206 se
1521 2180 1612 2219 spe-

231 2229 428 2266 ctatorem
459 2224 616 2263 Tiberii
643 2223 707 2263 vel
741 2222 963 2262 adiutorem
990 2223 1116 2261 fuisse
1146 2222 1352 2272 gloriatur.
1402 2222 1464 2262 Ita
1493 2237 1611 2276 prae·

229 2283 433 2321 secturam
459 2281 570 2320 illam
597 2279 920 2332 legationemque
948 2278 1106 2318 Tiberii
1133 2279 1261 2318 fuisse
1290 2280 1493 2328 convenit,
1525 2280 1612 2331 qui-
1689 2277 1692 2280 ’

231 2339 307 2379 bus
335 2339 523 2378 nimirum
547 2339 590 2378 in
614 2338 738 2376 verba
765 2335 921 2375 Tiberii
951 2340 1246 2375 sacramentum
1273 2335 1447 2375 militare
1476 2349 1612 2376 susce-

229 2396 358 2449 perit,
396 2395 505 2435 illius
543 2394 696 2434 numini
730 2392 1013 2443 maiestatique
1051 2393 1232 2432 devotus.
1292 2392 1443 2431 Contra
1475 2396 1611 2433 tamen

228 2453 350 2504 facit,
380 2452 489 2504 quod
518 2453 684 2492 missum
714 2462 760 2488 se
787 2450 938 2489 fatetur
971 2450 1020 2490 ab
1047 2451 1241 2501 Augusto.
1300 2448 1368 2488 Sic
1399 2449 1506 2489 enim
1530 2451 1610 2490 Λιι-

230 2510 338 2561 gusti
370 2509 501 2550 suisse
537 2509 694 2562 legatus
720 2506 968 2559 intelligitur.
1025 2506 1087 2547 lta
1122 2503 1422 2562 πεμπομένων·
1448 2507 1610 2558 nomine

321 2701 359 2745 *)
393 2701 519 2735 Ascon.
543 2699 580 2733 in
603 2697 736 2733 Verrin.

322 2747 380 2790 **)
403 2747 490 2783 Veu.
515 2745 578 2781 lib.
602 2745 648 2781 11.
673 2756 748 2790 cap.
773 2742 853 2781 104.
