1728 3054
186 206 334 242 xxvm
771 197 811 239 V
840 197 859 238 1
888 196 926 238 Τ
941 178 991 238 Ἀ

188 317 300 362 Silio
337 315 461 362 Coss
497 315 762 374 auspicatus.
833 311 984 367 Quam
1031 327 1127 356 rem
1172 311 1244 356 his
1287 313 1385 372 ipse
1418 314 1566 359 verbis

188 394 348 430 narrat.
433 383 572 446 Quod
616 381 939 442 spectaculum
991 380 1077 426 sub
1129 381 1263 425 initia
1301 382 1565 442 stipendio-

189 469 297 498 rum
326 467 534 497 meorum
574 450 786 509 Tribunov
805 450 1003 494 militum
1031 450 1146 494 mihi
1173 451 1325 495 visere
1352 451 1564 516 contigit,

191 537 328 583 quem
356 521 554 566 militiae
586 519 804 580 gradum
841 524 950 563 ante
983 518 1068 563 sub
1101 524 1244 578 patre
1272 524 1350 563 tuo
1383 519 1453 566 M
1485 519 1567 563 Vi-

189 591 283 635 nici
335 595 379 634 et
420 589 475 634 P.
519 588 638 634 Silio
680 588 954 647 auspicatus
1000 589 1047 632 in
1090 588 1301 632 Thracia
1331 587 1566 632 Macedo-

188 660 382 718 niaque,
448 672 560 702 mox
609 657 804 702 Achaia
853 656 1090 717 Asiaque,
1149 662 1193 702 et
1236 656 1445 701 omnibus
1496 657 1566 701 ad

189 728 412 773 orientem
438 727 550 771 visis
576 726 835 786 provinciis
869 730 914 770 et
948 740 1030 770 ore
1062 731 1203 785 atque
1233 730 1429 786 utroque
1457 741 1565 770 ma-
1630 734 1639 747 ‘

187 797 255 840 ris
283 796 468 840 Pontici
505 795 679 850 latere,
716 794 850 838 haud
883 794 1140 839 iniucunda
1173 799 1241 845 tot
1274 809 1456 848 rerum,
1493 795 1564 839 lo-

188 879 385 919 corum,
430 865 668 925 gentium,
715 862 902 907 urbium
947 863 1279 908 recordatione
1319 863 1562 925 perfruor.

184 933 383 977 Maiores
425 933 575 977 Vellei
617 933 751 976 fuisse
796 931 1050 991 Campanos
1112 931 1377 991 quibusdam
1425 947 1564 992 argu-

185 1003 342 1046 mentis
385 1002 589 1048 adducor
633 1008 681 1046 ut
725 1001 921 1045 credam.
992 1001 1328 1061 Ipse'meminit
1362 1001 1414 1045 C.
1451 1001 1565 1045 Vel-

184 1071 242 1115 lei
278 1071 348 1114 avi
381 1071 469 1128 sui,
509 1070 586 1129 qui
620 1070 811 1130 Pompei
845 1069 1080 1128 Marcique
1122 1070 1249 1114 Bruti
1284 1084 1337 1115 ac
1371 1070 1565 1128 Tyronis

183 1141 437 1199 praefectus
479 1138 655 1184 fabrum
709 1140 797 1182 iam
832 1140 981 1198 gravis
1026 1144 1196 1195 aetate,
1241 1138 1323 1183 sibi
1368 1139 1458 1182 vim
1494 1145 1564 1182 at-

183 1209 310 1263 tulit,
366 1224 468 1254 cum
511 1209 653 1252 abiret
695 1208 891 1266 Neapoli
933 1208 1039 1254 Tib.
1085 1209 1222 1251 Nero,
1275 1207 1484 1251 Meminit
1520 1213 1565 1251 et

183 1277 361 1321 Minatii
394 1276 543 1337 Magii
578 1277 693 1320 atavi
727 1277 793 1320 sui
825 1274 1159 1332 Asculanensis,
1194 1276 1272 1334 qui
1305 1292 1448 1336 nepos
1482 1277 1565 1320 fuit

184 1346 315 1390 Decii
349 1346 519 1406 Magii,
563 1345 899 1404 Campanorum
934 1345 1146 1405 principis
1191 1346 1472 1400 celeberrimi
1506 1345 1564 1389 fi-

183 1415 484 1472 delissimique
526 1414 621 1458 viri.
668 1415 771 1458 Non
804 1415 1014 1472 praeterit
1051 1414 1564 1473 Capitonempatruum

183 1498 332 1539 suum,
381 1484 524 1527 virum
568 1483 734 1526 ordinis
778 1483 1009 1538 senatorii,
1053 1484 1132 1541 qui
1175 1483 1412 1543 Agrippae
1453 1483 1561 1526 sub-

184 1552 358 1612 scripsit
399 1552 446 1596 in
493 1550 546 1596 C.
591 1551 805 1597 Cassium.
885 1551 1088 1595 Fratrem
1138 1551 1297 1596 habuit
1351 1551 1562 1612 Magium

185 1621 418 1677 Celerem,
463 1620 587 1666 cuius
633 1620 880 1680 praecipua
925 1635 1066 1680 opera
1103 1620 1315 1665 Tiberius
1358 1627 1423 1665 est
1457 1636 1562 1666 usus

185 1691 229 1733 in
263 1690 389 1733 bello
423 1689 707 1745 Dalmatico,
752 1687 798 1732 in
832 1704 925 1747 quo
959 1690 1037 1734 ille
1072 1688 1271 1750 legatum
1307 1690 1426 1750 egit,
1462 1705 1562 1733 am·-

183 1759 389 1819 plissimis
442 1758 608 1803 deinde
655 1758 901 1803 honoribus
946 1774 974 1802 a
1025 1758 1328 1817 triumphante
1371 1758 1563 1803 Caesare

185 1828 388 1872 donatus.
455 1827 607 1883 Eum,
651 1827 817 1885 inquit,
871 1827 1161 1887 triumphum
1215 1827 1282 1886 (is
1329 1827 1413 1871 fuit
1446 1827 1561 1871 Dal-

185 1896 394 1955 maticus)
428 1896 544 1940 mihi
556 1895 804 1957 fratrique
830 1911 933 1941 meo
961 1897 1082 1941 inter
1108 1896 1560 1956 praecipuos‘prae-

187 1966 426 2026 cipuisque
469 1965 604 2009 donis
637 1966 897 2010 adornatos
931 1965 1056 2009 viros
1094 1965 1311 2009 comitari
1347 1965 1558 2025 contigit.

185 2034 281 2079 Ubi
322 2033 535 2078 mendose
568 2034 736 2094 legitur
777 2034 940 2088 militi,
988 2049 1072 2078 nec
1118 2049 1145 2077 a
1178 2035 1307 2079 nobis
1341 2039 1442 2077 ante
1476 2033 1561 2078 fuit

183 2102 539 2147 animadversum
589 2103 697 2147 alibi
741 2109 836 2147 tum
892 2103 1011 2146 forte
1054 2102 1239 2146 intentis.
1319 2102 1559 2147 Caeterum

181 2171 379 2215 hon'ores
411 2172 509 2230 ipse
543 2186 645 2216 suos
680 2187 793 2230 quos
838 2172 1067 2216 virtutibus
1114 2171 1321 2229 emeruit,
1363 2186 1453 2215 non
1487 2177 1558 2215 ta—

181 2247 280 2294 cet,
324 2255 429 2285 cum
463 2241 631 2297 inquit:
673 2240 857 2286 Habuit
890 2241 939 2284 in
977 2241 1066 2285 hoc
1103 2254 1284 2301 quoque
1319 2238 1440 2284 bello
1475 2240 1559 2298 (de

178 2309 436 2354 Pannonico
487 2309 724 2368 loquitur]
778 2310 1083 2354 mediocritas
1141 2314 1304 2354 nostra
1360 2309 1558 2369 speciosi

177 2378 377 2421 ministri
413 2378 578 2424 locum.
645 2377 805 2422 Finita
843 2379 1044 2438 equestri
1079 2378 1251 2422 militia
1277 2377 1558 2438 designatus

183 2445 444 2508 Quaestor,
494 2445 695 2491 necdum
740 2452 931 2492 senator
986 2448 1216 2507 aequatus
1264 2445 1556 2490 senatoribus

177 2515 322 2558 etiam
356 2515 623 2575 designatis
662 2515 858 2560 tribunis
890 2515 1047 2576 plebi,
1086 2520 1284 2576 partem
1323 2515 1555 2560 exercitus

175 2582 239 2627 ab
279 2581 396 2626 urbe
435 2583 604 2628 traditi
644 2583 708 2628 ab
753 2584 1001 2645 Augusto,
1042 2583 1258 2644 perduxi
1295 2583 1364 2628 ad
1386 2582 1554 2646 filium

174 2652 284 2697 eius.
356 2651 414 2695 In
456 2657 714 2712 quaestura
751 2653 926 2699 deinde
961 2654 1162 2701 remissa
1202 2657 1327 2698 sorte
1357 2653 1554 2714 provin-
