1728 3054
248 178 336 220 2⁰4

553 172 600 216 G.
630 170 908 214 VELLEH
945 171 1335 217 PATERGULI

249 288 384 335 surde
423 286 682 346 Coponius,
727 287 796 332 vir
833 289 1105 348 praetorius,
1158 284 1439 351 gravissimus
1480 298 1624 353 pater,

245 358 346 403 Silii
375 370 526 410 socer,
562 370 666 402 cum
704 371 859 402 recens
884 358 1138 418 transfuga,
1173 361 1314 404 multa
1342 376 1395 407 ac
1431 362 1626 406 nefanda

246 427 439 471 Plancus
477 425 650 469 absenti
682 425 879 470 Antonio
908 427 955 471 in
992 434 1145 472 senatu
1178 429 1416 474 obiiceret:
1455 430 1623 487 Multa,

245 494 408 553 inquit,
461 494 753 539 mehercules
789 493 918 555 fecit
960 495 1217 553 Antonius,
1265 498 1431 559 pridie
1482 514 1626 560 quam

244 568 298 609 tu
331 562 465 608 illum
498 563 798 623 relinqueres.

383 630 517 676 CAP.
563 631 813 678 LXXXIV.
872 631 1065 678 Caesare
1120 632 1286 677 deinde
1337 638 1382 679 et
1429 633 1626 678 Messala

247 699 444 746 Corvino
480 699 606 745 Coss.
643 701 918 745 debellatum
954 701 1077 762 apud
1111 702 1318 755 Actium3
1368 702 1446 747 ubi
1486 702 1627 763 longe

247 775 350 813 ante
402 784 538 827 quam
594 769 900 826 dimicaretur,
955 771 1306 830 exploratissima
1356 771 1627 816 Iulianarum

209 842 238 896 2
246 839 440 898 partium
482 837 567 882 fuit
599 839 799 884 victoria.

867 839 1068 898 vigebat
1108 841 1154 884 in
1197 839 1288 887 hac
1329 846 1459 900 parte
1502 841 1627 885 miles

244 914 380 966 atque
413 908 683 967 imperator,
729 906 808 950 illa
851 908 1111 952 marcebant
1155 909 1317 953 omnia.

243 976 388 1036 miges
423 975 681 1032 firmissimi,
714 976 838 1021 illinc
880 977 1035 1036 inopia
1068 976 1366 1023 adfectissi'mi.

1386 909 1506 954 Hinc
1553 925 1627 953 re-

1435 978 1626 1023 Navium

243 1044 362 1092 haec
404 1045 695 1107 magnitudo,
741 1044 979 1092 modicane
1020 1045 1274 1104 celeritate,
1320 1046 1505 1095 adversa
1539 1046 1628 1094 illa

244 1200 467 1246 praecedenti
487 1201 593 1237 litera
608 1213 644 1236 m
662 1201 905 1247 interceptum,

247 1250 358 1284 Bruto
379 1248 592 1284 restituimus
616 1249 659 1286 11.
683 1248 740 1284 58.
762 1248 799 1284 2.

294 1295 327 1337 5.
345 1294 381 1329 3.
406 1294 597 1339 Coponius,
621 1296 676 1329 vir
705 1294 903 1340 praetorius

246 1343 315 1377 etc.
357 1340 521 1384 Exempl.
562 1344 736 1382 vetustum
776 1341 904 1377 habet:

248 1387 418 1431 Coponius
448 1388 515 1421 vir.
539 1387 583 1420 E.
607 1387 807 1433 praetorius
837 1390 903 1420 etc.

247 1434 396 1468 Bonan.
429 1433 500 1469 Hic
522 1433 620 1467 loeus
644 1444 711 1467 non
734 1433 807 1467 sine
824 1443 906 1477 gra-

248 1480 287 1514 vi
330 1480 473 1515 macula
500 1479 633 1524 legitur
665 1480 702 1515 in
733 1479 825 1513 Edit.
849 1491 903 1523 pr.

248 1527 360 1560 Haud
406 1527 554 1571 absurde
601 1526 769 1571 Coponius
785 1551 796 1568 ‚
850 1526 906 1558 vir

245 1573 463 1618 praetorius,
513 1573 743 1618 gravissimus
789 1576 904 1616 pater,

249 1620 329 1653 Silii
373 1630 479 1652 socer.
531 1619 647 1662 Quam
694 1618 905 1662 scripturam

247 1665 372 1700 Editor
395 1664 505 1699 Basil.
529 1664 580 1699 ite
602 1665 768 1699 mutavit:
795 1664 905 1698 Haud

249 1712 398 1747 absurde
423 1711 608 1756 Coponius,
638 1712 694 1746 vir
711 1711 906 1756 praetorius

249 1758 490 1804 gravissimus,
519 1758 556 1792 P.
570 1758 647 1792 Silii
669 1769 775 1795 socer.
799 1758 907 1791 Prae-

251 1805 346 1842 clare
371 1804 410 1842 Ρ.
440 1804 520 1837 Silii
543 1816 606 1849 pro
628 1809 732 1848 pater
755 1804 832 1838 Silii
854 1804 905 1837 le-

250 1851 404 1896 gendum
437 1850 535 1887 vidit.
582 1851 690 1896 quue
720 1850 906 1884 confirmat

251 1897 470 1940 Oudendorp.
494 1896 538 1930 ad
563 1895 706 1931 Sueton.
729 1897 822 1941 Aug.
846 1895 905 1929 71.

250 1942 404 1978 Librarii
435 1954 535 1977 error
567 1947 668 1977 natus
701 1945 754 1976 est
776 1953 819 1976 ex
841 1951 904 1975 no·

250 1992 289 2024 ta
314 1989 353 2024 P.
377 1989 482 2022 modo
515 1989 676 2030 Publius,
706 1989 813 2022 modo
842 1999 909 2032 pa·-

250 2040 306 2075 ter
327 2035 555 2080 significante.
586 2035 656 2069 Sed
679 2034 762 2079 quid
786 2035 823 2068 in
845 2034 907 2067 illo

251 2083 296 2116 Ε.
320 2083 413 2125 quod
444 2081 611 2116 Burei-ius
641 2081 679 2115 in
706 2081 815 2115 veteri
839 2081 908 2114 Co-

252 2128 331 2162 dice
374 2127 523 2171 reperit,
574 2129 684 2162 latere
723 2125 906 2161 dicamus?

251 2174 448 2219 Schegkius
479 2173 638 2213 coniicit:
671 2173 726 2207 vir
756 2185 774 2209 e
801 2184 908 2218 prae-

250 2223 362 2258 toriis.
404 2222 468 2262 At,
511 2221 563 2254 sic
594 2220 768 2255 Velleium
798 2218 905 2262 loqui,

250 2279 321 2302 non
345 2265 502 2300 memini.
535 2267 576 2300 In
598 2266 750 2309 antiquis
779 2265 908 2309 lapidi-

250 2314 338 2356 bus,
359 2318 524 2356 tanquam
548 2313 638 2357 apud
665 2313 803 2347 Gruter.
821 2322 906 2355 pag.

250 2360 331 2395 311.
356 2361 389 2394 l,
412 2360 450 2394 V.
473 2359 518 2393 E.
535 2359 711 2404 significat
732 2354 787 2392 vii1
804 2369 905 2403 egre-

249 2406 343 2453 gine,
369 2406 427 2441 vel
450 2407 628 2440 excellens.
673 2405 741 2438 Sed
783 2408 907 2438 neutra

250 2464 320 2486 vox
352 2453 396 2488 oh
429 2458 626 2496 sequentem
654 2450 907 2495 superlativum

250 2498 336 2536 huic
365 2499 444 2536 loco
474 2498 560 2538 setis
591 2501 685 2542 apta.
721 2498 907 2533 Praeterea

251 2545 423 2586 Velleius,
457 2544 494 2578 ni
527 2545 653 2588 fallor,
697 2544 807 2577 verbe
837 2543 906 2576 hoc

251 2591 372 2627 ordine
430 2591 662 2629 collocasset:
725 2589 908 2634 Coponius,

194 2671 196 2676 ,
246 2638 462 2686 praetorius,
496 2638 550 2671 vir
579 2637 810 2683 gravissimus
839 2638 906 2670 etc.

249 2683 371 2727 Quid?
411 2683 440 2717 si
481 2684 660 2729 legamus:
698 2683 808 2719 Haud
843 2681 906 2715 ab·

249 2730 353 2773 surde
386 2730 575 2774 Coponius,
608 2730 824 2775 praetorius,
854 2729 907 2762 vir

969 1201 1255 1238 eminentissimus
1303 1206 1339 1237 et
1385 1201 1627 1248 grauissimus,

969 1250 1012 1285 P.
1036 1249 1115 1283 Silii
1136 1259 1242 1284 socer.
1285 1246 1390 1284 certe
1419 1258 1509 1282 voce
1539 1248 1626 1282 emi-

968 1295 1188 1331 nentissimus
1227 1293 1381 1330 Velleius
1412 1293 1626 1338 frequentius

968 1341 1080 1379 utitur
1095 1364 1107 1384 ‚
1151 1350 1261 1384 quam
1302 1340 1509 1385 scriptorem
1553 1343 1627 1376 tam

971 1387 1170 1432 elegantem
1195 1387 1326 1421 deceat.

1017 1433 1185 1478 nefanda.
1207 1432 1345 1475 Nescio,
1369 1431 1451 1476 quid
1474 1431 1512 1467 iu
1529 1442 1628 1465 meu-

972 1482 1046 1516 tem
1086 1479 1222 1514 venerit
1258 1479 1397 1513 Editori
1439 1478 1548 1515 Rasin,
1589 1479 1628 1514 ut

971 1526 1060 1561 huic
1081 1526 1162 1559 voci
1185 1526 1348 1560 miranda
1370 1525 1604 1562 substitueret.

1017 1572 1122 1607 CAP.
1159 1573 1351 1610 LXXXqu
1402 1574 1435 1619 ς.
1477 1571 1511 1605 2.
1563 1571 1627 1604 illa

973 1619 1175 1653 marcebant
1198 1619 1325 1654 omnia.
1357 1618 1514 1661 Exempl.
1532 1622 1629 1649 vetu-

972 1669 1065 1701 stum
1078 1665 1205 1701 habet:
1216 1665 1314 1700 illam
1322 1664 1485 1698 arcebant
1500 1663 1628 1699 omnia.

973 1711 1044 1747 Sed
1067 1711 1210 1755 perinde
1239 1722 1274 1749 m
1297 1711 1343 1745 ab
1375 1711 1540 1744 arcebant
1567 1709 1630 1742 de-

971 1761 1143 1800 tractum,
1176 1760 1214 1792 at
1238 1769 1282 1791 ue
1319 1755 1539 1804 praecedenti
1572 1754 1629 1788 di-

973 1803 1082 1839 ctioni
1097 1808 1149 1838 est
1164 1769 1341 1841 additum:
1359 1814 1402 1838 ac
1419 1803 1447 1837 si
1464 1802 1542 1846 quis
1554 1805 1628 1835 stu-

973 1850 1167 1885 diosissime
1203 1850 1240 1887 id
1282 1850 1416 1884 fecerit.
1451 1849 1628 1886 Odor-atur

972 1896 1033 1931 hic
1074 1897 1181 1932 etiam
1222 1895 1362 1940 inscitia
1401 1894 1629 1929 librariorum

973 1953 1043 1976 non
1066 1941 1337 1987 intelligentium
1360 1951 1403 1975 ea
1426 1952 1516 1986 quae
1537 1939 1627 1975 seri-2

972 1988 1112 2025 hebent.
1126 1989 1268 2022 Binum.
1294 1989 1479 2022 vascosan.
1504 1988 1541 2021 in
1562 1986 1629 2020 illa

974 2036 1186 2073 marcebant.
1210 2035 1262 2068 Ex
1283 2035 1375 2070 Am).

1021 2082 1099 2114 hinc
1139 2081 1290 2127 remiges
1319 2077 1526 2128 firmissimi.
1567 2076 1630 2111 Sic

973 2127 1111 2174 Lipsius
1143 2126 1326 2162 verissime
1362 2125 1514 2160 correxit
1541 2123 1629 2157 Edi-

974 2174 1077 2209 tionis
1100 2185 1150 2228 pr.
1174 2173 1399 2220 scripturam:
1423 2172 1503 2205 hinc
1526 2180 1629 2218 reges

963 2220 1168 2266 firmissimi.

1019 2267 1208 2304 modicave.
1245 2264 1405 2309 Exempl.
1450 2265 1630 2299 vetustum

972 2313 1080 2347 habet
1089 2325 1098 2346 ε
1109 2313 1285 2346 πιοάἰοάπε
1297 2311 1475 2345 celeritate
1483 2312 1549 2344 etc.
1558 2308 1630 2342 Bu-

973 2369 1060 2398 mm.
1084 2359 1212 2396 Sensus
1235 2357 1438 2402 perspicuus
1460 2358 1534 2390 est:
1568 2353 1629 2395 sed

972 2405 1011 2439 in
1050 2404 1166 2439 verbis
1201 2403 1347 2448 aliquid⁴
1375 2402 1504 2437 scabri.
1537 2400 1629 2435 Edit.

972 2463 1028 2497 pr.
1051 2451 1192 2487 navium
1215 2449 1301 2485 haee
1317 2448 1539 2495 magnitudo,
1555 2458 1630 2480 mo-

973 2498 1094 2531 dicave
1112 2497 1298 2538 celeritate.
1323 2507 1389 2540 pro
1412 2506 1485 2539 quo
1508 2493 1632 2534 Editor

972 2543 1083 2582 Basili
1102 2543 1215 2577 dedit:
1233 2543 1375 2577 navium
1390 2542 1472 2576 hztnc
1488 2539 1631 2584 magni-

972 2590 1056 2623 tudo
1082 2590 1238 2635 πιοάἰσα,
1270 2589 1332 2624 sed
1357 2589 1515 2624 cel·crior.
1540 2587 1629 2630 Ego,

972 2635 1110 2670 Heinsii
1139 2647 1249 2680 prope
1283 2635 1320 2674 in
1352 2633 1519 2669 omnibus
1548 2643 1631 2667 cou-

972 2681 1142 2718 iecturam
1174 2685 1330 2724 secutus,
1365 2685 1483 2718 tonum
1512 2680 1630 2712 locum

972 2728 1023 2763 ite
1051 2728 1243 2764 constituo:
1281 2727 1426 2763 navium
1453 2727 1520 2761 hac
1553 2734 1630 2759 ma-
