1728 3054
206 231 348 267 (mxlv
459 223 704 267 cAROLI
750 223 1327 267 MORGENSTERNH

207 342 367 391 gestas,
404 338 446 376 at
474 334 667 375 duntaxat
696 334 824 384 bene,
863 336 1165 378 coelestissima
1196 349 1325 391 opera
1354 337 1460 385 dici,
1489 339 1532 378 et
1557 335 1601 377 id

207 407 335 446 genus
365 392 464 440 alia,
493 403 613 431 nemo
643 403 723 431 non
751 393 874 433 videt.
935 393 1092 434 Verum
1121 394 1298 434 fortasse
1327 394 1508 437 nonnihil
1550 405 1601 434 ex

207 463 280 500 eo,
320 448 430 500 quod
467 448 634 487 nimium
675 453 739 488 est
778 449 820 489 in
859 450 1118 502 laudatione,
1167 451 1413 490 condonabis
1453 449 1601 491 Velleii
1638 460 1650 472 ’

207 504 439 553 ambitioni,
471 517 613 556 quum,
642 510 689 544 ut
716 506 806 558 ipse
836 507 935 547 dicit
963 505 1092 562 (§..3)
1124 506 1279 547 Tiberii
1309 508 1470 547 adiutor
1498 505 1602 545 fuis-

206 566 293 608 set,
329 561 465 613 itaque
494 561 614 600 huius
643 574 710 602 res
740 563 978 613 celebrans,
1017 564 1094 603 sibi
1122 565 1212 616 ipse
1242 564 1373 615 aliqua
1405 576 1453 603 ex
1484 566 1602 616 parte

206 618 514 670 gratificaretur.
574 617 679 658 Nam
714 632 801 672 cap.
831 624 926 662 106.
968 620 1026 659 sie
1070 621 1233 673 incipit:
1270 618 1358 659 Pro
1386 619 1463 659 Dii
1494 618 1602 669 boni,

207 674 358 727 quanti
384 674 605 714 voluminis
634 688 762 728 opera
791 676 1026 731 insequenti
1054 683 1241 727 aestate,
1283 676 1360 717 sub
1390 675 1497 716 duce
1532 674 1602 715 Ti-

205 730 321 770 berio
355 728 533 771 Caesare
557 732 795 785 gessimus!
1484 738 1488 757 ³

320 785 367 826 11.
410 789 507 829 105.
577 787 725 828 Pietas
776 801 856 829 sua
897 788 1144 839 Caesarem,
1198 802 1333 844 paene
1381 788 1602 828 obstructis

206 842 352 896 hyeme
384 842 584 898 Alpibus,
613 845 657 884 in
685 844 830 885 urbem
872 848 1020 886 traxit.
1078 847 1170 887 Non
1206 847 1358 900 pietate
1388 845 1600 887 Tiberium

205 900 417 940 reductum
448 901 633 948 arbitror,
662 901 737 940 sed
766 902 830 941 sui
859 903 1060 942 commodi
1086 904 1234 951 studio,
1263 907 1309 944 ut
1339 904 1419 942 iam
1449 914 1494 942 se
1515 914 1599 940 ma-

206 956 268 1008 gis
298 957 506 1008 magisque
542 958 585 996 in
613 958 785 1009 Augusti
813 958 993 999 savorem
1032 960 1263 1000 insinuaret.
1321 959 1407 999 Nec
1436 958 1599 1011 pietatis

205 1026 335 1066 capax
378 1019 466 1053 erat
502 1014 657 1053 animus
698 1015 873 1055 hominis
910 1028 1033 1068 saepe
1070 1016 1113 1055 in
1149 1028 1222 1056 ore
1260 1015 1361 1056 illud
1389 1015 1600 1055 habentis:

147 1110 150 1113 ,
203 1065 338 1125 Ἐμοῦ
366 1066 590 1120 θανόντος
617 1072 721 1125 γαΐα
749 1068 945 1127 μιχθήτω
974 1072 1094 1128 πυρί.
1121 1071 1167 1125 *)

317 1139 365 1180 ll.
396 1142 493 1182 106.
547 1138 617 1179 Ab
662 1131 856 1180 inaudito
905 1145 1030 1194 atque
1083 1141 1297 1194 incognito
1335 1142 1434 1179 ante
1474 1137 1599 1178 mari.

126 1216 129 1224 ¹
203 1195 368 1248 Negant
403 1195 568 1248 Lipsius
608 1195 777 1248 aliique,
818 1197 910 1248 quia
937 1198 1018 1237 iam
1047 1197 1200 1237 Drusus
1238 1197 1317 1236 hoe
1345 1208 1457 1235 mare
1487 1194 1599 1234 navi·

205 1257 352 1305 gasset.
384 1253 438 1292 At
464 1253 586 1292 docet
612 1252 879 1293 Ruhnkenius
907 1266 997 1306 pag.
1016 1257 1112 1296 414.
1132 1252 1261 1306 [241]
1283 1252 1486 1293 Velleium
1516 1263 1597 1291 non

203 1309 448 1358 adulatorie,
489 1309 562 1348 sed
599 1321 695 1350 vere
725 1313 769 1350 et
802 1310 865 1350 rei
902 1311 1209 1360 convenienter,
1239 1310 1292 1350 de
1319 1309 1398 1349 hac
1427 1307 1597 1362 expedi-

203 1366 315 1407 tione
345 1377 438 1406 esse
467 1366 660 1407 locutum.

318 1433 367 1476 ll.
398 1436 493 1476 107.
551 1433 675 1473 Istam
705 1429 758 1475 ad
786 1430 999 1474 Tiberium
1027 1433 1251 1474 orationem
1286 1431 1452 1472 minime
1479 1442 1597 1471 sona-

203 1503 250 1531 re
277 1489 457 1530 indolem
497 1494 567 1530 aut
604 1490 802 1530 ferociam
841 1490 1147 1539 Germanicam,
1188 1493 1303 1530 recte
1341 1489 1494 1529 iudicat
1528 1487 1596 1528 Li-

202 1547 328 1602 psius.
358 1546 478 1588 Conf.
508 1547 691 1588 Boecler.
722 1546 775 1586 ad
803 1546 844 1586 h.
873 1546 899 1586 l.
929 1559 1019 1600 pag.
1049 1549 1176 1589 1134.

316 1614 369 1655 11.
399 1618 498 1658 108.
556 1613 683 1655 Nihil
713 1619 807 1654 erat
846 1615 934 1655 iam
972 1616 1016 1656 in
1053 1613 1308 1662 Germania,
1338 1610 1451 1668 quod
1484 1611 1598 1652 vinci

198 1675 367 1727 posset,
396 1676 575 1726 praeter
614 1677 785 1725 gentem
813 1670 1222 1712 Marcomannorum.
1251 1670 1327 1719 „0
1356 1669 1593 1709 vanitatem!

203 1729 287 1769 Sed
316 1728 420 1768 haec
448 1729 565 1782 plura
593 1728 827 1778 magnifice,
865 1729 948 1768 imo
976 1729 1198 1779 serviliter,
1235 1727 1421 1769 Velleius
1458 1730 1595 1766 narrat

202 1784 245 1825 in
281 1784 438 1824 Tiberii
474 1785 536 1825 sui
582 1784 737 1825 laudes.
801 1780 912 1827 Ἀλλ’
950 1782 1036 1840 ἐγώ
1078 1781 1135 1827 ου’
1173 1780 1383 1840 πιθόμην.
1395 1786 1422 1807 “
1479 1782 1594 1823 Haeo

202 1841 251 1882 Li
282 1841 380 1881 sius.

252 1855 279 1895 P
312 1897 364 1938 Π.
395 1899 492 1939 109.
551 1894 812 1950 Gerebatque
840 1909 887 1937 se
914 1897 975 1937 ita
1003 1896 1208 1938 adversus
1235 1895 1460 1937 Romanos.
1497 1893 1592 1934 Mo-

202 1957 274 1994 net
304 1952 355 1993 ad
387 1953 428 1993 h.
450 1953 478 1992 l.
506 1952 749 2001 BoecleruS,
779 1954 938 2005 parcius
967 1966 1090 2005 agere
1119 1959 1278 1994 ceteros
1309 1953 1528 2005 scriptores
1550 1952 1593 1992 in

203 2010 482 2059 Maroboduo,
520 2009 899 2050 Marcomannorum
936 2010 1063 2061 duce,
1102 2012 1170 2062 qui
1205 2010 1401 2050 infinitam
1441 2009 1592 2049 Roma·

202 2078 345 2108 norum
374 2067 633 2107 ambitionem
663 2067 883 2106 calliditate
913 2071 956 2106 et
995 2069 1142 2107 virtute
1171 2066 1443 2115 coercuisset,
1483 2065 1592 2104 cele-

201 2124 379 2165 brando:
409 2123 586 2163 fortasse
617 2123 707 2175 quia
734 2123 945 2176 puduisset
973 2123 1118 2174 fateri,
1155 2127 1313 2163 tantum
1349 2123 1457 2161 inter
1487 2120 1592 2160 Ger-

201 2193 344 2222 manos
391 2180 520 2225 fuisse
560 2181 700 2219 virum.
777 2180 862 2220 Sed
904 2180 1065 2220 solitum
1106 2179 1256 2220 Velleii
1295 2178 1511 2219 candorem
1549 2177 1593 2218 iu

202 2238 334 2279 aliena
360 2237 532 2286 virtute,
561 2236 626 2276 vel
653 2236 696 2275 in
724 2235 858 2288 hoste,
885 2237 1169 2289 praedicanda,
1197 2237 1278 2278 iam
1306 2249 1426 2288 supra
1455 2239 1591 2274 osten·

202 2294 348 2337 dimus.
413 2293 506 2334 Non
541 2293 742 2333 silendum
779 2297 934 2344 tamen,
983 2293 1194 2333 Tiberium
1237 2293 1395 2346 ipsum,
1443 2290 1590 2331 Tacito

201 2355 308 2393 teste
337 2347 470 2407 (Anu.
497 2349 548 2391 11.
574 2347 670 2405 63.)
715 2349 769 2391 de
795 2350 1053 2392 Maroboduo
1089 2350 1198 2406 apud
1227 2349 1420 2391 Senatum
1458 2347 1593 2390 disse-

199 2529 424 2565 progressus,
455 2518 611 2563 censuit,
642 2524 681 2555 ut
710 2531 819 2555 ovans
852 2530 871 2556 e
896 2519 1092 2566 Campania
1114 2519 1232 2555 urbem
1254 2518 1424 2555 introiret.
1472 2517 1589 2564 Igitur

199 2571 339 2601 secutae
365 2567 525 2601 Caesaris
547 2567 705 2609 litterae,
740 2568 860 2612 quibus
890 2579 926 2601 se
957 2580 1026 2601 non
1058 2573 1132 2602 tam
1163 2579 1311 2601 vacuum
1343 2566 1460 2612 gloria
1479 2576 1586 2609 prae-

199 2613 365 2654 dicabat,
391 2617 449 2651 ut,
470 2618 547 2658 post
563 2613 802 2657 ferocissimas
824 2618 947 2659 gentes
966 2615 1203 2658 perdomitas,
1225 2619 1276 2648 tot
1298 2618 1450 2657 receptos
1471 2613 1509 2645 in
1531 2611 1585 2644 iu-

198 2664 306 2694 venta
326 2663 390 2693 aut
412 2664 543 2703 spretos
564 2659 774 2704 triumphos,
805 2660 877 2695 iam
909 2661 1022 2695 senior
1041 2660 1337 2706 peregrinationi·
1364 2658 1586 2695 suburbanae

198 2706 305 2742 inam
324 2705 520 2750 praemium
537 2707 717 2752 peteret.“
1079 2708 1085 2720 '

288 2773 324 2819 ο)
343 2773 412 2811 mo
433 2774 558 2811 nvm-
579 2784 665 2821 pag.
687 2771 769 2811 895.
783 2772 894 2811 σου.
917 2772 1018 2812 Suet.
1041 2748 1205 2811 Tinea
