1728 3054
242 190 329 230 196

548 185 596 227 C.
638 183 916 227 VELLEH
950 186 1342 230 PATERCUIA

242 301 302 346 ab
346 297 655 361 Scipionibus,
699 299 886 359 aliisque
930 300 1155 346 veteribus
1186 301 1496 350 Romanorum
1531 305 1619 350 du-

242 384 372 425 cum,
424 368 668 428 quicquam
710 384 866 414 ausum
907 375 1226 430 patratumque
1270 372 1464 430 fortius,
1482 389 1619 432 quam

240 444 348 484 tunc
392 453 420 482 a
454 437 659 483 Caesare.

731 438 918 499 Quippe
963 454 1068 485 cum
1111 439 1288 484 inermis
1330 447 1375 486 et
1416 442 1620 486 lacerna-

237 512 310 551 tus
360 512 503 562 esset,
557 510 739 567 praeter
781 522 947 552 nomen
990 507 1103 552 nihil
1146 508 1352 567 trahens,
1394 510 1620 571 ingressus

240 579 383 620 castra
429 575 621 636 Lepidi,
669 576 862 634 evitatis,
906 592 1025 635 quae
1059 577 1180 623 iussu
1219 577 1412 623 hominis
1445 579 1621 639 pravis-

240 641 340 688 simi
371 645 464 688 tela
497 645 543 688 in
581 659 686 690 eum
720 651 821 691 acta
855 651 1007 704 erant,
1042 661 1146 692 cum
1178 646 1357 692 lacerna
1389 647 1479 693 eius
1510 663 1620 709 per-

239 713 386 757 forata
430 719 543 758 esset
576 713 757 770 lancea,
804 715 1001 773 aquilam
1044 715 1237 775 legionis
1285 731 1458 776 rapere·
1489 732 1620 762 ausus

201 788 319 828 4est.
361 781 508 828 Scires
542 782 652 842 quid
687 783 916 827 interesset
946 784 1061 828 inter
1094 784 1245 831 duceS.
1289 785 1464 830 Armati
1498 786 1618 831 iner-

237 865 360 896 mem
403 851 542 898 secuti
583 856 716 904 sunt3
762 851 1033 910 decimoque
1075 867 1216 910 anno,
1266 868 1403 912 quam
1460 854 1520 899 ad
1572 855 1620 899 iu

238 919 577 965 dissimillimam
618 921 710 966 vita
751 935 830 965 sua
870 921 1123 982 potentiam
1166 928 1432 982 pervenerat
1472 923 1620 985 Lepi-

285 1065 320 1107 §-
344 1063 380 1100 3.
404 1064 629 1111 Scipionibus.
652 1064 813 1112 Respicit
833 1072 896 1113 pe-

236 1108 428 1146 riculosum
449 1113 624 1157 Scipionis
634 1113 793 1149 Africani
814 1115 895 1157 iter,

237 1169 319 1192 cum
349 1159 483 1193 duabus
512 1163 650 1194 tantum
682 1160 894 1204 quinquere-

236 1203 354 1238 mibus
385 1205 431 1239 ad
454 1205 658 1251 Syphacem
678 1211 894 1252 susceptum,

235 1247 373 1294 sle-quo
395 1250 473 1287 Liv.
497 1252 661 1288 XXVIII.
684 1252 742 1288 17.

281 1297 455 1331 veteribus
487 1297 723 1332 Romanorum
756 1298 895 1334 dueum.

236 1341 379 1384 Graeci,
403 1342 512 1377 etiam
532 1343 571 1377 in
593 1354 698 1388 prosa
724 1344 896 1387 oratione,

234 1388 445 1433 praesertim
466 1388 529 1422 ubi
550 1400 607 1423 res
630 1389 753 1434 aliqua
776 1390 812 1424 in
830 1401 896 1424 va-

233 1434 308 1471 rias
330 1434 463 1469 formas
493 1434 684 1478 dividitur,
714 1436 896 1471 adiectivis

235 1479 411 1526 genitivos
460 1482 761 1516 substantivorum
814 1483 896 1517 iun-

233 1530 345 1607 {untz
368 1527 413 1561 de
435 1538 506 1572 qua
538 1529 792 1563 constructione
814 1529 896 1563 vide

274 1599 284 1610 .
306 1574 553 1610 Hemsterhus.
582 1574 629 1608 ad
659 1575 805 1611 Lucian.
829 1575 895 1610 Ti-

234 1629 333 1655 mon.
364 1631 447 1665 pag.
472 1620 554 1654 117.
584 1621 688 1655 Hanc
719 1622 895 1657 rationem

234 1665 352 1700 Latini
374 1666 550 1702 interdum
572 1671 782 1711 sequuntur,
817 1668 894 1702 fre-

235 1712 397 1756 quentius
436 1716 554 1747 tamen
591 1715 738 1757 poene,
786 1725 895 1758 quam

233 1759 372 1793 solutae
394 1759 562 1793 orationis
583 1758 781 1804 scriptores.
814 1760 895 1795 Sal-

233 1805 315 1839 lust.
338 1805 414 1839 Cat.
439 1803 498 1839 53.
530 1805 677 1850 effectae
696 1811 894 1851 parentum.

235 1853 276 1886 ut
304 1850 448 1894 quidem
478 1851 596 1885 locum
637 1856 801 1887 vexatum
834 1865 894 1887 ex-

235 1896 336 1941 ponit
380 1895 531 1932 eortius.
576 1897 713 1932 Plinius
758 1899 806 1932 H.
848 1899 893 1934 N.

234 1943 329 1978 vm.
363 1941 422 1977 48.
467 1943 629 1977 lanarum
660 1945 797 1987 nigrae.
830 1946 892 1980 XI.

234 1987 296 2024 5⁰.
317 1999 442 2023 eanum
464 1989 662 2035 degeneres.
685 1990 812 2025 Florus
830 1991 891 2026 111.

235 2034 271 2069 2.
295 2035 330 2070 4.
367 2035 520 2081 impiger
541 2037 738 2081 fluminum.
773 2037 891 2072 Aurei.

235 2081 356 2117 Victor
384 2081 478 2126 Epit.
500 2080 558 2117 48.
590 2082 735 2128 benigni

212 2138 329 2173 ¹pum.
371 2127 563 2163 Arnobius*
596 2128 639 2164 V.
681 2139 766 2174 pag.

234 2175 378 2212 intestes
418 2175 648 2209 sacerdotum.
695 2174 766 2209 Sed
796 2175 892 2210 hune

233 2220 477 2255 Graecismum
508 2220 578 2255 viri
608 2220 703 2256 docti
729 2221 815 2256 satis
844 2222 892 2257 il-

232 2266 448 2309 lustrarunt,
471 2266 634 2311 quamvis
653 2278 758 2312 saepe
775 2267 892 2304 aliena

232 2312 463 2348 admiscentes
476 2338 487 2356 ,
531 2314 630 2348 velut
667 2313 891 2349 Burmannus

231 2360 278 2394 ad
301 2359 340 2395 h.
364 2359 389 2393 l.
420 2357 526 2394 affert
548 2369 692 2405 quorum
711 2358 891 2406 pleraque,

231 2408 269 2440 et
299 2405 475 2442 Drakenb.
509 2406 555 2440 ad
592 2403 672 2442 Liv.
707 2406 820 2442 XXX.
851 2406 887 2441 9.

230 2452 370 2486 ultimos
389 2452 560 2487 militam.-
581 2463 729 2497 quorum
750 2452 889 2491 diversa

231 2502 284 2532 est
306 2497 410 2532 ratio.

760 2084 892 2128 princi-

810 2129 890 2164 16⁰.

277 2545 350 2578 tela
372 2544 410 2579 in
440 2554 518 2578 eum
540 2547 622 2578 acta
646 2548 758 2579 mant.
789 2544 888 2579 Male

229 2589 355 2624 Editor
376 2589 488 2624 Basil.
525 2595 607 2625 acta
630 2590 667 2624 in
688 2591 785 2624 iacta
806 2602 887 2625 mu—

229 2635 333 2670 tavit.
374 2636 466 2670 Nam
488 2647 598 2682 agere
629 2637 703 2671 tela
724 2648 793 2670 non
816 2636 886 2671 mi-

228 2691 295 2716 nas
316 2684 411 2716 recte
433 2681 572 2724 dicitur,
594 2693 701 2726 quam
722 2684 883 2728 adigere.

227 2726 390 2764 Scribon-
421 2726 532 2774 Larg.
554 2728 635 2764 2⁰1.
667 2740 782 2775 quam.
801 2729 883 2765 vul-

960 1074 1027 1101 nus
1049 1066 1103 1102 ita
1126 1069 1243 1101 actum
1264 1071 1340 1109 est,
1375 1071 1416 1102 ut
1438 1076 1476 1101 os
1498 1067 1619 1102 laeda-

959 1117 1041 1156 tur,
1083 1112 1139 1146 vel
1164 1115 1377 1158 frangatur.
1429 1112 1494 1148 Sil.
1537 1113 1617 1148 Ital.

960 1159 1040 1194 XII.
1074 1158 1156 1193 24⁰.
1187 1160 1236 1193 Et
1250 1159 1428 1205 fugientis
1459 1159 1540 1205 agit
1562 1171 1620 1194 co-

962 1206 1025 1238 stis
1068 1206 1285 1250 penetrabile
1330 1207 1448 1240 telum.
1510 1206 1619 1240 Forte

962 1251 1052 1285 haec
1093 1252 1211 1285 forma
1251 1251 1426 1286 reddenda
1459 1251 1619 1286 Ciceroni

962 1307 1026 1341 pro
1049 1297 1171 1341 Quint.
1204 1296 1239 1333 2.
1271 1308 1349 1331 eum
1380 1298 1487 1331 etiam
1509 1299 1617 1332 telum

963 1343 1188 1377 adversarius
1220 1343 1281 1376 nul
1384 1343 1514 1378 iecerit.
1554 1343 1618 1378 ubi

964 1399 1047 1421 cum
1070 1388 1174 1422 MSS.
1196 1392 1232 1423 et
1253 1389 1282 1422 E
1306 1389 1340 1422 d.
1362 1393 1507 1432 veteres,
1529 1392 1617 1424 teste

963 1434 1016 1468 01.
1038 1435 1208 1476 Ernesto,
1236 1445 1301 1478 pro
1323 1435 1442 1469 iecerit
1463 1435 1617 1471 habeant

963 1480 1112 1526 legerit,
1141 1490 1165 1514 a
1195 1480 1363 1515 Cicerone
1393 1483 1506 1527 egerit
1534 1493 1618 1526 pro-

961 1526 1093 1561 fectum
1131 1526 1244 1560 videri
1279 1526 1396 1570 possit.
1426 1529 1481 1562 Ita
1516 1532 1617 1562 actus

960 1583 1026 1616 pro
1042 1574 1165 1615 iactas,
1175 1573 1233 1607 vel
1249 1573 1347 1607 ictas.
1360 1573 1493 1608 Statius
1501 1575 1617 1611 Theb.

960 1618 1007 1654 H.
1040 1619 1074 1654 9.
1120 1620 1243 1664 capulo
1281 1631 1364 1653 nam
1395 1621 1531 1664 largius
1561 1621 1616 1654 illi

963 1665 1165 1701 Transabiit
1192 1670 1306 1700 costas
1335 1667 1495 1711 cognatis
1525 1667 1616 1700 asti-

961 1711 1023 1745 bus
1042 1712 1142 1753 ensis.
1160 1711 1220 1746 Sic
1236 1712 1423 1757 legendum
1441 1724 1528 1755 esse,
1545 1723 1615 1747 non

960 1756 1106 1802 ictibus,
1139 1758 1363 1793 manifestum
1395 1762 1447 1793 est
1468 1770 1510 1793 ex
1533 1758 1615 1792 imi-

960 1804 1093 1838 tatione
1131 1804 1275 1850 Virgilii
1318 1805 1402 1839 Aen.
1435 1805 1498 1839 IX.
1530 1805 1612 1839 431.

951 1850 1023 1883 *sed
1044 1850 1174 1885 viribus
1197 1851 1287 1885 ensis
1310 1851 1458 1885 adactus
1482 1849 1614 1885 Trans-

960 1895 1050 1930 abiit
1079 1901 1199 1931 costas.
1234 1897 1345 1931 Plura
1377 1897 1531 1931 GronoV.
1566 1897 1613 1931 ad

959 1939 1240 2022 Sgnlec.¹Agam.
1274 1942 1356 1979 432.
1396 1946 1431 1977 et
1460 1943 1611 1988 Interpp.

957 1998 979 2022 a
1038 2000 1062 2022 1.
1104 2013 1114 2022 .

1004 2036 1037 2076 §-
1060 2034 1094 2068 4.
1120 2034 1169 2068 ad
1190 2034 1228 2068 in
1251 2032 1513 2070 dissimillimam
1534 2035 1612 2070 vita

955 2090 1022 2125 sua
1042 2082 1246 2125 potentiam.
1267 2080 1376 2122 Alias,
1396 2080 1491 2115 vitae
1512 2093 1611 2116 suae.

957 2126 1130 2162 anurs.
1147 2126 1245 2162 Alias
1266 2127 1317 2161 sic
1334 2125 1483 2172 legitur:
1506 2139 1612 2172 qaam

957 2172 1008 2207 ad
1028 2173 1066 2207 in
1099 2173 1186 2220 (diis
1213 2171 1390 2208 simillima
1420 2173 1514 2218 vita)
1546 2185 1612 2218 po-

956 2220 1104 2254 tentiam
1123 2225 1340 2264 pervenerat.
1369 2219 1470 2254 Nune
1494 2219 1611 2254 videat

955 2265 1077 2308 lector,
1085 2271 1165 2301 utra
1185 2265 1289 2301 lectio
1308 2265 1438 2299 rectius
1458 2266 1609 2310 legatur.

955 2311 1097 2347 Busan.
1130 2313 1310 2356 Apparet,
1333 2310 1478 2345 dubiam
1500 2309 1610 2346 fuisso

955 2359 1083 2392 veteris
1096 2358 1235 2393 Codicis
1256 2356 1480 2401 scripturam,
1501 2369 1609 2402 quam

955 2404 1058 2438 aliter
1088 2404 1215 2450 legerit
1246 2400 1459 2446 Rhenanus,
1504 2402 1608 2438 aliter

953 2450 1133 2485 Burei-ius.
1164 2448 1268 2485 Iunta
1298 2447 1427 2484 edidit:
1464 2449 1511 2483 ad
1551 2445 1608 2484 ir?—

953 2496 1219 2530 dissimillimam
1249 2497 1345 2530 vitae
1375 2507 1458 2530 suae
1485 2498 1606 2539 poten-

951 2543 1052 2576 tiam·
1077 2543 1215 2584 Melius,
1239 2542 1375 2577 abiecto
1399 2543 1446 2583 in,
1462 2541 1604 2578 Vaseos.

951 2590 987 2622 et
1026 2586 1149 2624 Editor
1193 2588 1305 2624 Basil.
1345 2588 1394 2622 ad
1442 2586 1607 2622 dissimil-

949 2635 1069 2670 limam
1116 2636 1212 2670 vitae
1264 2645 1350 2669 suae
1399 2635 1605 2679 potentiam.

948 2675 1009 2714 Sic
1041 2681 1084 2715 11.
1107 2681 1166 2715 41.
1201 2679 1463 2725 dissimilemque
1487 2682 1603 2723 sortu-

946 2738 1015 2762 nae
1037 2736 1123 2763 suae
1156 2727 1297 2764 indutus
1325 2724 1493 2762 habitum.
1530 2726 1601 2762 Sed
