1728 3054
250 189 338 230 236
555 183 605 229 G.
634 181 912 226 VELLEII
934 182 1342 235 ‘PATERGULI

251 303 337 346 bus
372 298 543 345 fuerit.-
590 299 714 344 Tum
756 300 928 345 refulsit
962 306 1085 347 certa
1134 317 1236 362 spes
1269 302 1513 350 liberorum
1546 320 1633 364 pa-

253 369 475 427 rentibus,
522 366 624 412 viris
664 369 1070 428 matrimoniorum,
1128 371 1320 415 dominis
1361 373 1632 433 patrimonii,

254 439 460 483 omnibus
492 436 751 494 hominibus
785 438 959 496 salutis,
1005 439 1187 497 quietis,
1233 440 1383 500 pacis,
1416 443 1633 502 tranquil-
1688 468 1697 471 »

250 507 408 560 litatis;
448 506 581 562 adeo,
615 511 666 551 ut
701 521 784 553 nec
816 509 921 568 plus
954 509 1124 569 sperari
1156 510 1379 569 potuerit,
1418 526 1502 558 nec
1536 511 1635 572 spei

250 575 515 638 responderi
547 574 738 627 felicius.

389 643 528 693 CAP.
575 644 696 690 CIV.
751 644 1008 706 Adoptatus
1061 644 1222 691 eadem
1265 645 1341 691 die
1386 645 1520 691 etiam
1563 645 1634 691 M.

251 714 489 775 Agrippa,
535 728 670 772 quem
713 719 819 774 post
854 721 1046 760 mortem
1086 715 1324 777 Agrippae
1357 715 1472 759 Iulia
1506 715 1634 761 enixa

253 789 361 830 erat.
387 806 389 809 ·
430 781 526 828 Sed
559 783 607 827 in
640 784 831 831 Neronis
865 784 1114 844 adoptione
1152 783 1267 828 illud
1304 783 1528 830 adiectum
1563 783 1634 829 his

251 852 360 913 ipsis
405 851 608 897 Caesaris
652 853 824 897 verbis:
876 851 1005 908 Hoc,
1049 853 1215 911 inquit,
1256 852 1438 914 reipub.
1483 868 1634 899 causa

211 927 240 968 2
241 921 395 984 facio.
465 921 571 965 Non
613 921 691 965 diu
732 921 955 967 vindicem
991 921 1316 980 custodemque
1348 923 1526 981 imperii
1567 922 1633 966 sui

253 997 429 1037 morata
460 990 507 1034 in
541 990 655 1034 urbe
688 992 862 1050 patria,
904 991 1107 1050 protinus
1140 990 1186 1034 in
1221 990 1511 1044 Germaniam
1546 991 1632 1035 mi-

249 1061 329 1114 sit3
375 1060 456 1104 ubi
500 1064 603 1104 ante
645 1060 883 1104 triennium
926 1061 1008 1104 sub
1054 1058 1122 1103 M.
1159 1059 1360 1115 Vinicio,
1407 1075 1493 1104 avo
1538 1067 1631 1116 tuo,

249 1129 495 1176 clarissimo
529 1129 653 1184 viro,
702 1130 969 1173 immensum
1005 1135 1226 1173 exarserat
1268 1129 1451 1174 bellum.
1520 1130 1633 1174 Erat

249 1204 295 1244 et
343 1198 401 1242 ab
447 1211 503 1242 eo
549 1188 820 1256 quibusdam
863 1198 909 1242 in
955 1198 1068 1243 locis
1110 1204 1313 1258 gestum,
1360 1198 1630 1256 quibusdam

247 1272 538 1314 sustentatum
572 1267 787 1327 feliciter,
834 1282 981 1327 eoque
1015 1267 1195 1312 nomine
1229 1267 1411 1313 decreta
1447 1268 1488 1312 ei
1523 1283 1627 1314 cum

246 1437 482 1475 amicissimus
501 1438 753 1474 Valckenarius
781 1440 906 1476 laudat

247 1487 400 1522 similem
423 1486 542 1520 locum
564 1487 785 1542 'Ihucydidis
816 1488 906 1525 v111.

246 1544 330 1578 pag.
359 1530 442 1567 565.
471 1531 620 1591 Εὔβοια
656 1530 726 1578 γὰρ
761 1531 903 1577 aureis,

249 1579 582 1638 ἀποκεκλεισμένης
629 1581 695 1624 τῆς
725 1579 902 1626 Ἀττικῆς,

247 1625 374 1661 πάντα
406 1623 463 1671 ἦν.
502 1627 565 1661 ubi
598 1626 680 1660 vide
710 1628 903 1663 Dukerum.

247 1673 455 1717 Equidem,
511 1672 637 1707 Velleii
679 1674 757 1708 loco
799 1685 904 1718 saepe

246 1721 465 1763 multumque
497 1719 738 1762 considerato,
783 1721 905 1766 legen-

247 1767 330 1800 dum
355 1777 494 1800 censeo:
518 1778 624 1811 quam
647 1767 684 1800 in
707 1767 766 1801 illo
787 1768 905 1801 omnia

247 1813 402 1846 omnibus
418 1813 566 1856 suerint.
591 1813 627 1846 id
650 1818 713 1854 est,
737 1825 842 1857 quam
867 1814 904 1848 iu

246 1858 310 1892 illo
337 1859 393 1892 die
417 1859 575 1892 omnium
606 1859 699 1893 salus
731 1864 766 1894 et
789 1861 904 1894 fortu-

245 1916 293 1939 na
315 1905 452 1949 positae
474 1905 613 1940 fuerint.
647 1905 721 1940 Cic.
754 1907 798 1940 ad
821 1906 902 1941 niv.

245 1952 290 1986 11.
316 1952 350 1985 6.
383 1952 506 1996 Neque
536 1963 618 1986 vero
650 1953 812 1996 cuiquam
842 1964 903 1986 sa-

246 1999 355 2031 lutem
385 2009 427 2031 ac
453 2001 620 2041 fortunas
659 2009 741 2032 suas
779 2004 902 2033 tantae

246 2056 353 2078 curae
368 2044 482 2086 fuisse
504 2056 656 2089 unquam
675 2049 772 2089 puto,
790 2057 902 2090 quan-

246 2095 307 2125 tae
330 2091 417 2124 mihi
439 2092 486 2125 sit
512 2090 620 2124 honos
643 2091 735 2133 eius,
764 2092 802 2125 in
836 2103 903 2136 quo

247 2138 363 2171 omnia
394 2148 473 2171 mea
501 2138 618 2181 posita
649 2149 722 2171 esse
753 2138 900 2172 decrevi.

245 2184 309 2217 ubi
341 2183 423 2217 vide
461 2184 501 2218 P.
539 2183 744 2218 Victorium.
789 2185 833 2218 ll.
866 2183 901 2219 8.

248 2231 329 2264 Tibi
370 2242 445 2263 cnm
476 2232 592 2264 omnia
623 2242 703 2264 mea
734 2242 903 2264 commen-

246 2277 430 2311 durissima
462 2287 533 2310 esse
557 2278 677 2321 cupio,
709 2281 784 2310 tum
813 2278 903 2310 nihil

244 2324 364 2368 magis
401 2334 507 2367 quam
547 2334 591 2356 nc
633 2328 768 2367 tempus
805 2324 902 2357 nobis

241 2370 442 2414 provinciae
460 2374 678 2414 prorogetur.
698 2370 740 2402 In
761 2381 800 2403 eo
814 2370 903 2403 mihi

242 2422 323 2451 sunt
346 2417 474 2450 omnia.
508 2416 582 2450 XV.
614 2416 671 2450 14.
704 2416 780 2450 Iloc
811 2428 834 2449 a
867 2420 902 2450 te

241 2463 297 2496 ita
329 2462 516 2504 contendo,
549 2466 589 2496 ut
618 2463 656 2495 in
680 2474 718 2496 eo
734 2464 902 2506 fortunas

242 2520 341 2543 ‘meas
369 2510 502 2553 positas
528 2513 660 2553 putem.
689 2527 727 2533 —
753 2509 811 2542 Sic
841 2519 902 2541 oe-

242 2556 304 2588 lim
343 2557 498 2596 enitare,
540 2556 641 2598 quasi
682 2554 720 2588 in
754 2567 793 2588 eo
831 2555 901 2589 sint

241 2603 328 2643 mihi
365 2602 493 2635 omnia-
527 2601 660 2635 Seneca
690 2601 735 2634 ad
772 2601 898 2646 Polyb.

240 2644 299 2682 26.
325 2649 398 2681 Hoc
422 2648 594 2689 incolumi,
619 2648 710 2680 salvi
732 2648 798 2681 tibi
818 2652 899 2681 sunt

239 2695 294 2728 tui
304 2707 315 2727 .·
340 2713 383 2718 -—
415 2695 453 2728 in
484 2694 546 2726 hoc
578 2694 643 2727 tibi
668 2694 783 2727 omnia
805 2697 897 2727 sunt.

237 2741 310 2776 Pro
333 2751 403 2785 quo
427 2740 573 2776 Sallust.
595 2740 676 2785 lug.
693 2739 896 2775 uffirlicit:
929 2762 931 2767 -

971 1440 1010 1477 in
1034 1453 1073 1477 eo
1096 1452 1174 1487 spes
1195 1444 1301 1486 atque
1324 1450 1404 1486 opes
1426 1440 1527 1474 sitae.
1561 1440 1630 1475 Cu-

971 1499 1015 1523 ve
1046 1493 1184 1531 tamen,
1223 1489 1315 1522 huuc
1347 1488 1536 1522 formulam
1551 1512 1562 1527 ‚
1591 1490 1631 1522 ut

970 1536 1156 1569 nonnullos
1179 1534 1302 1568 fecisse
1332 1534 1456 1576 video,
1486 1533 1630 1567 confun-

972 1582 1034 1616 das
1079 1593 1159 1615 cum
1195 1582 1326 1622 ultera,
1359 1591 1435 1614 cum
1470 1591 1509 1613 eo
1543 1580 1629 1613 mihi

973 1632 1054 1662 sunt
1077 1629 1217 1670 omnia,
1250 1627 1343 1670 apud
1376 1626 1450 1660 Cic.
1482 1626 1525 1659 ad
1547 1625 1631 1660 niv.

971 1675 1226 1718 x111.1.uqa
1247 1683 1386 1707 summa
1416 1672 1572 1712 amicitia
1597 1675 1631 1706 et

969 1720 1194 1755 familiaritas
1235 1719 1463 1774 significatur.
1515 1719 1628 1752 Totus

969 1767 1083 1811 igitur
1115 1769 1212 1801 locus
1242 1766 1293 1800 sic
1323 1762 1386 1799 (le
1388 1776 1468 1800 meu
1490 1770 1629 1799 senten-

970 1814 1021 1848 tia
1044 1814 1266 1847 scribendus.
1315 1813 1443 1846 nedum
1475 1812 1529 1845 hic
1562 1812 1628 1844 im-

966 1862 1076 1905 plere.
1121 1859 1280 1894 Contenti
1314 1860 1421 1893 simus
1453 1858 1490 1892 id
1522 1868 1628 1891 unum

971 1907 1099 1943 dixisse
1117 1929 1128 1949 ,
1173 1907 1278 1950 quam
1323 1906 1360 1939 in
1405 1905 1465 1938 illo
1511 1904 1627 1937 omnia

963 1954 1126 1990 munibus
1159 1953 1308 1996 fuerint.
1363 1951 1450 1985 Tum
1489 1950 1626 1994 restabit

970 2002 1036 2034 etc.
1069 2000 1111 2032 In
1133 2009 1156 2032 a
1183 1998 1300 2032 vicino
1324 2009 1376 2038 m,
1418 2001 1456 2031 ut
1486 2000 1626 2030 centum

969 2056 1079 2090 prope
1116 2044 1204 2079 locis
1244 2044 1282 2079 in
1295 2043 1465 2085 ·Velleio‚
1498 2042 1625 2076 elisum

970 2094 1031 2126 est.

1017 2136 1117 2171 CAP.
1149 2135 1234 2170 CIV.
1268 2137 1301 2179 ς.
1335 2134 1369 2168 2.
1404 2135 1497 2169 Erat
1519 2139 1554 2168 et
1577 2135 1624 2168 ab

970 2195 1020 2218 eo.
1046 2184 1144 2217 Bene
1160 2181 1318 2227 Lipsius:
1343 2181 1434 2215 Erat
1457 2181 1495 2215 id
1509 2181 1552 2214 ab
1571 2193 1623 2214 co.

1017 2230 1156 2263 decreta
1198 2229 1230 2262 ei
1269 2239 1343 2262 cum
1375 2227 1623 2273 speciosissimo

969 2276 1190 2319 inscriptione
1228 2278 1294 2308 etc.
1340 2274 1413 2308 Res
1451 2273 1526 2307 eius
1557 2285 1622 2318 ge-

969 2327 1047 2358 stae
1069 2321 1252 2364 inscriptae
1275 2323 1354 2354 sunt
1377 2319 1475 2353 arcui
1498 2319 1624 2354 trium-

968 2368 1078 2413 phali,
1101 2367 1136 2401 in
1159 2366 1306 2411 Alpibus
1327 2366 1456 2409 posito,
1479 2370 1519 2400 ut
1541 2377 1622 2400 nur-

968 2419 1025 2449 rat
1047 2414 1113 2448 Dio
1139 2413 1289 2455 Cassius,

968 2461 1063 2495 tione
1103 2471 1234 2505 agens,
1289 2458 1378 2493 Lul.
1420 2470 1503 2503 pag.
1540 2458 1621 2493 721.

969 2506 1120 2541 Velleius
1151 2505 1264 2551 igitur
1300 2516 1421 2539 arcum
1453 2515 1534 2539 cum
1567 2505 1623 2539 in—

967 2553 1153 2596 scriptione
1209 2551 1472 2594 comprehendit
1517 2562 1621 2586 orna-

966 2603 1163 2634 mentorum
1187 2597 1454 2642 triumphalium
1469 2598 1626 2632 nomine.'

965 2646 1079 2680 Nimis
1121 2644 1322 2679 festinanter
1366 2644 1461 2678 huuc
1502 2644 1620 2679 locum

964 2691 1123 2773 inspex‘ffi
1166 2691 1329 2727 Wassius
1377 2690 1423 2726 nd
1474 2689 1619 2726 Sallust.

962 2739 1045 2785 lug.
1099 2738 1134 2775 ⁸.

1313 2413 1356 2446 ‹le
1388 2413 1458 2447 huc
1481 2413 1623 2457 expedi—
1656 2416 1661 2421 ’

1710 918 1728 946 1
