1728 3054
541 189 589 231 B.
663 184 1145 231 RHENA,N=1³.,
1390 187 1484 225 XXV

14 346 20 349 .
54 299 59 302 ’
99 303 265 358 vinnm.
328 302 538 348 Meminit
576 296 883 362 quorundam,
912 310 916 346 ζ
943 311 1062 359 quae
1103 297 1340 346 ,nullorum
1382 304 1498 345 unt:

111 373 295 433 prodita
326 373 489 431 literis,
513 372 671 419 saltim
697 371 778 430 qui
809 369 954 434 bodie
983 374 1145 415 extent.
1211 367 1499 424 Qualiseet,

113 441 363 486 deletarum
403 455 513 487 αιιιι
558 441 681 486 Varo
727 439 961 499 legionum
1005 436 1207 482 Arminio
1248 436 1368 482 duce
1405 436 1483 479 hi-

114 510 272 568 storia,
302 514 350 559 ,et
375 523 501 566 ⁴quoe
530 508 591 553 de
623 507 918 553 Maroboduo
944 505 1351 552 Marcomanorum
1370 519 1499 564 rege.

114 578 289 633 scribit,
327 576 455 621 baud
500 576 639 622 dubie
675 584 779 620 tuae
820 574 1068 622 celsitudini
1117 580 1243 623 tanto
1272 573 1485 634 ‚gratiora

114 646 291 701 futura,
351 651 519 703 quanto
572 646 717 691 minus
763 645 897 688 etiam
945 642 1210 688 doctissimis
1250 643 1354 686 viris
1395 642 1485 687 ha-

114 721 266 762 ctenns
310 712 438 759 fuere
487 714 683 774 cognita.
735 727 841 757 nam
889 712 1051 774 prioris
1103 712 1170 755 rei
1219 718 1391 756 tantum
1439 711 1486 754 in

113 790 362 828 transcursu
414 783 615 827 meminit
663 782 841 827 Florus.
919 781 1070 826 Tanta
1124 785 1275 824 autem
1326 780 1489 826 facun-

115 851 193 896 dia
233 850 325 894 hiis
358 850 605 895 referendis
657 851 814 905 utitur,
862 856 913 895 ut
964 847 1349 908 quemadmodum
1389 850 1490 908 ipse

46 925 48 927 ’
116 919 298 965 Caesari
334 913 588 980 proximum
628 936 655 964 a
671 919 848 965 “Tullio
889 919 1043 964 locum
1075 917 1253 972 tribuit,
1286 918 1351 962 sic
1386 932 1491 961 eum

118 986 301 1034 Caesari
341 1003 501 1048 parem
550 988 715 1033 faciam
728 1023 741 1045 ‚
797 993 876 1032 ant
924 988 1081 1031 saltem
1126 987 1336 1047 proximo
1398 993 1491 1029 sta-

117 1063 241 1101 tuam
277 1056 396 1102 loco.
466 1057 605 1112 Quod
648 1058 683 1101 si
724 1058 901 1118 integer
943 1061 1111 1101 extaret
1156 1061 1201 1100 et
1252 1071 1279 1099 a
1317 1054 1491 1099 mendis

119 1140 280 1186 purus,
333 1125 461 1172 haud
525 1126 804 1186 ambigerem
869 1126 979 1183 quin
1040 1124 1317 1171 doctissimus
1366 1124 1493 1181 quis-

119 1210 209 1254 que
247 1207 353 1239 meo
393 1195 689 1240 subscriberet
719 1194 910 1239 iudicio:
963 1208 1083 1238 nunc
1134 1192 1317 1252 quando
1362 1206 1492 1236 men-

120 1263 191 1308 dis
228 1262 337 1307 vitio
382 1264 605 1317 vetustatis
647 1278 739 1308 non
782 1269 925 1317 caret,
976 1263 1123 1306 aliena
1161 1262 1298 1322 culpa
1340 1261 1494 1320 digni-

121 1337 259 1377 tatem
321 1333 635 1377 aestimationis
697 1332 822 1392 apud
879 1331 1100 1390 quosdam
1153 1331 1306 1374 forsan
1361 1330 1494 1373 amit-

122 1407 200 1445 tet.
265 1401 492 1459 Equidem
526 1401 691 1447 abhinc
724 1416 861 1445 annos
892 1406 943 1445 ut
975 1407 1088 1460 puto
1122 1400 1343 1457 quinque,
1389 1412 1495 1443 cum

123 1471 319 1529 primum
348 1469 471 1515 hunc
502 1471 550 1514 in
582 1469 871 1526 Murbacensi
909 1463 1183 1514 bibliotheca
1213 1467 1496 1544 reperissem,

126 1544 174 1582 et
214 1538 415 1582 viderem
456 1545 548 1582 tam
590 1539 856 1599 prodigiose
908 1545 1194 1596 corruptum,
1246 1544 1296 1581 ut
1349 1536 1500 1579 omnia

125 1607 355 1651 restituere
397 1621 488 1650 non
537 1606 657 1651 foret
709 1606 896 1651 humani
949 1606 1145 1666 ingenii,
1199 1611 1499 1664 properanter

129 1690 184 1720 ac
220 1674 457 1720 infeliciter
497 1675 556 1720 ab
602 1675 748 1720 amico
790 1674 992 1734 quodam
1035 1675 1335 1734 descriptum,
1392 1688 1502 1733 pre-
1533 1662 1541 1670 ’

128 1743 342 1788 mendum
381 1744 517 1802 plane
558 1745 796 1789 censebam
837 1743 986 1788 donec
1029 1742 1223 1787 melioris
1255 1742 1385 1786 nobis
1418 1756 1502 1787 co-

129 1811 242 1856 dicis
292 1811 420 1856 fieret
464 1813 625 1871 copia,
676 1827 813 1871 quem
865 1826 1132 1872 acceperam
1183 1810 1346 1856 haberi
1397 1810 1501 1854 Me·

129 1880 296 1925 diolani
329 1880 553 1925 inventum
593 1882 701 1926 olim
746 1897 773 1926 a
810 1881 1017 1941 Georgio
1065 1879 1262 1924 Merula.
1330 1878 1502 1923 Verum

129 1948 244 1993 dum
282 1948 443 1994 frustra
491 1949 582 1993 iam
627 1950 731 1995 treis
772 1964 910 1994 annos
953 1956 1264 2008 expectamus,
1323 1948 1503 1993 interim

129 2017 404 2062 doctissimus
435 2019 623 2076 quisque
659 2034 836 2064 mecum
877 2018 1152 2077 expostulat,
1188 2032 1270 2063 cur
1296 2024 1389 2061 tam
1427 2018 1501 2060 in·-

130 2086 302 2146 signem
340 2092 543 2132 autorem
577 2088 784 2132 studiosis
826 2087 1158 2133 communicare
1199 2086 1372 2130 tamdiu
1407 2085 1503 2130 dif-

133 2154 290 2200 feram.
367 2154 556 2201 Addunt
613 2156 814 2202 convicia
869 2155 1081 2214 quidam,
1138 2156 1387 2200 dictitantes
1445 2155 1504 2197 il-

132 2224 225 2279 lum
265 2223 311 2267 in
354 2222 449 2270 hoc
498 2240 527 2268 a
566 2240 642 2269 me
682 2224 851 2284 premi,
900 2231 952 2269 ut
995 2225 1104 2268 olim
1151 2224 1346 2268 alienum
1388 2237 1507 2283 opus

132 2298 342 2350 tanquam
372 2292 541 2352 ingenii
573 2293 663 2338 mei
695 2294 920 2338 foeturam
960 2292 1287 2354 gloriabundus
1330 2293 1377 2336 in
1418 2307 1510 2351 pu-

133 2360 305 2407 blicum
355 2363 567 2406 emittam.
654 2361 851 2406 Proinde
904 2377 1023 2408 nunc
1068 2361 1316 2407 aedidimus
1362 2362 1512 2405 omni-

135 2443 213 2472 um
266 2429 544 2475 eruditorum
596 2431 708 2475 votis
771 2431 1017 2490 expetitum
1064 2437 1111 2476 et
1161 2437 1263 2474 ante
1314 2430 1512 2489 promis-

139 2511 260 2552 sum,
311 2513 371 2543 ne
425 2499 644 2544 studiosos
702 2498 867 2544 diutius
929 2498 1062 2544 huius
1119 2499 1352 2544 desiderio
1414 2514 1515 2543 ma··

139 2578 351 2610 ceremns.
454 2567 594 2624 Quod
651 2568 823 2613 nullam
875 2582 980 2613 sane
1027 2569 1089 2613 ob
1144 2582 1324 2614 causam
1378 2568 1516 2612 serius

141 2633 309 2679 factum
361 2640 427 2680 est
446 2667 461 2692 ,
521 2651 657 2696 quam
712 2643 763 2681 ut
813 2637 1025 2683 sincerior
1078 2636 1231 2682 exiret.
1307 2635 1403 2682 Sed
1448 2636 1518 2680 ni-
