1728 3054
280 235 339 276 30
567 231 615 272 C.
651 230 933 273 VELLEH
971 232 1364 280 PATERCUM
1460 256 1473 277 x

278 348 428 392 rostris
473 345 736 389 sustulerunt
779 352 971 404 quatuor
1015 348 1118 400 filii;
1170 364 1280 395 unus
1323 355 1564 401 consularis
1609 364 1654 402 et

280 415 524 468 censorius,
570 413 682 458 alter
727 415 991 471 consularis,
1043 416 1195 462 tertius
1238 421 1418 478 consul,
1472 432 1653 482 quartus

280 483 541 528 candidatus
576 484 847 529 consulatus:
893 499 1028 543 quem
1072 484 1294 533 honorem
1337 490 1527 551 adeptus
1564 501 1650 540 est.

276 552 385 596 Hoc
419 558 484 597 est
527 551 732 597 nimirum
776 554 922 614 magis
965 554 1158 600 feliciter
1203 556 1263 602 de
1304 559 1395 604 vita
1438 562 1650 622 migrare,

277 634 414 679 quam
449 621 577 664 mori.

380 688 512 734 CAP.
525 689 624 733 XII.
645 689 861 735 Universa
884 690 1062 747 deinde,
1086 699 1136 737 ut
1156 695 1473 756 praediximus,
1495 697 1649 742 instin—

273 763 345 803 cta
384 758 429 802 in
471 758 642 803 bellum
686 759 885 814 Achaia,
930 762 1052 805 cuius
1095 777 1200 821 pars
1247 780 1414 826 magna
1448 767 1649 812 eiusdem

271 826 451 871 Metelli
508 827 798 875 Macedonici
853 825 1016 874 virtute
1067 832 1289 891 armisque
1340 834 1483 881 fracta
1538 843 1647 892 erat,

270 897 461 940 maxime
497 895 738 942 Corinthiis
773 897 816 941 in
851 912 996 952 arma,
1042 913 1146 944 cum
1188 902 1400 962 gravibus
1437 903 1569 949 etiam
1602 906 1648 949 in

269 965 500 1009 Romanos
547 965 849 1017 contumeliis,
911 966 1238 1027 instigantibus,
1309 970 1547 1017 destinatus
1604 973 1646 1018 ei

231 1034 393 1079 2bello
429 1033 632 1095 gerendo
671 1033 771 1078 Cos.
808 1033 1066 1080 Mummius.
1102 1037 1162 1081 Et
1195 1038 1283 1082 sub'
1298 1039 1420 1084 idem
1449 1046 1644 1103 tempus,

268 1104 439 1163 magis,
487 1104 591 1161 quia
633 1103 845 1147 volebant
890 1104 1108 1162 Romani,
1153 1106 1376 1165 quidquid
1422 1108 1481 1153 de
1529 1110 1644 1155 Car-

266 1172 619 1232 thaginiensibus
665 1172 911 1227 diceretur,
955 1173 1165 1232 eredere,
1210 1191 1346 1233 quam
1393 1178 1497 1235 quia
1540 1194 1643 1225 cre-

267 1240 416 1285 denda
451 1240 787 1297 adferebantur,
822 1241 970 1285 statuit
1002 1250 1172 1287 senatus
1204 1243 1527 1305 Carthaginem
1563 1262 1644 1293 ex·-

227 1309 430 1357 Scidere.
479 1310 547 1353 Ita
592 1309 755 1354 eodem
798 1315 1005 1371 tempore
1054 1311 1104 1356 P.
1149 1312 1305 1373 Scipio
1351 1314 1640 1372 Aemilianus,

259 1379 325 1423 vir
359 1378 483 1422 avitis
518 1379 569 1422 Ρ.
605 1378 831 1432 Africani,
878 1379 1167 1438 paternisque
1209 1380 1265 1428 L.
1300 1382 1429 1427 Pauli
1463 1384 1638 1429 virtuti-

256 1448 340 1494 bus
374 1447 636 1502 simillimae,
673 1447 879 1492 omnibus
912 1447 1024 1492 belli
1057 1463 1112 1493 ac
1144 1455 1282 1510 togae
1318 1450 1523 1509 dotibus,
1567 1455 1639 1498 in-
1676 1446 1679 1448 ’

980 1579 1152 1614 aiensibus
1188 1569 1372 1619 diceretur.
1418 1583 1464 1617 ba
1491 1583 1536 1618 ab
1568 1583 1639 1620 alio

303 1579 337 1624 ἕ.
359 1579 395 1613 7.
428 1583 578 1624 quatuor
607 1578 684 1621 filii.
722 1579 766 1614 G.
802 1578 912 1623 Cupe-

980 1627 1148 1670 quopiam
1171 1627 1329 1663 additum
1362 1629 1508 1664 videtur.
1545 1630 1638 1666 Nam

256 1637 314 1661 rus
364 1626 501 1670 Syllog.
559 1625 704 1669 Epistol.
752 1625 911 1660 Norimb.

256 1684 338 1718 pag.
363 1671 445 1706 45⁰.
476 1671 552 1705 tolli
584 1673 661 1706 vult
690 1672 756 1705 has
788 1683 912 1707 voces·

256 1729 344 1763 quas
365 1729 488 1759 nemo,
521 1719 627 1752 semel
658 1718 828 1761 monitus,
857 1719 913 1753 fa-

257 1766 325 1800 cile
348 1765 514 1808 requirat.

302 1813 418 1856 magis
449 1811 606 1853 feliciter
652 1811 696 1844 de
741 1811 816 1845 vita
849 1810 911 1843 mi-

183 1874 187 1876 -
239 1838 383 1903 'grare‚
419 1868 523 1901 quam
557 1857 655 1892 mori.
701 1857 833 1890 Eadem
867 1857 911 1890 fi-

255 1914 346 1948 gurn
383 1903 594 1947 Hieronym.
634 1902 799 1945 Epitaph.
841 1902 909 1937 Ne-

255 1949 388 1993 potian.
413 1960 495 1993 pag.
518 1949 598 1982 272.
634 1949 834 2003 Intelligere
864 1950 909 1982 il-

255 1997 326 2029 lum
353 2007 420 2029 non
457 1996 579 2037 emori,
628 1995 689 2029 sed
721 1996 908 2040 emigrare.

254 2042 341 2076 vide
371 2042 535 2076 Gataker.
567 2042 610 2075 tle
646 2040 749 2086 Stylo
779 2041 822 2076 N.
859 2041 906 2076 Τ.

252 2099 331 2133 cap.
357 2089 428 2123 vll.
452 2099 535 2133 pag.
559 2087 616 2122 49.

299 2134 399 2169 CAP.
431 2134 510 2168 xll.
550 2135 584 2177 §.
612 2132 656 2175 sl.
708 2144 785 2167 eum
819 2144 906 2177 pars

251 2181 388 2227 magna
404 2198 451 2206 —-
475 2185 590 2215 tracta
615 2184 703 2214 erat.
727 2179 787 2214 Sic
804 2179 903 2214 Edit.

250 2238 304 2272 pr.
337 2227 407 2261 Sed
438 2226 548 2261 Aldus
570 2226 684 2270 Nepos
715 2226 905 2260 benecor-

247 2273 354 2308 rexit:
378 2273 474 2307 cuius
488 2284 574 2318 pars
591 2284 726 2317 magna
737 2292 777 2298 —-
784 2274 904 2316 fracta

250 2325 337 2354 erat.
370 2320 463 2364 quod
494 2330 613 2354 omnes
651 2318 773 2354 deinde
805 2329 903 2352 reee-

246 2369 382 2412 perant.

294 2415 326 2455 ς.
353 2413 387 2448 2.
425 2412 510 2456 quia
541 2411 703 2446 volebant
736 2411 899 2445 Romani.

247 2459 378 2492 Contra
417 2458 536 2492 Livius
566 2458 623 2494 VI.
654 2457 729 2491 21.
746 2459 800 2492 ita
820 2459 898 2503 pla-

245 2506 322 2539 cide
343 2517 366 2538 a
388 2509 512 2539 senatu
541 2515 739 2549 responsum
764 2509 835 2545 est,
859 2509 899 2538 ut

243 2552 356 2584 minus
385 2552 479 2585 credi
506 2551 549 2585 de
575 2551 790 2592 criminibus,
815 2551 898 2595 quia

242 2598 372 2631 nollent
394 2609 438 2631 ea
468 2608 553 2632 vera
577 2608 666 2640 esse,
699 2601 897 2641 appareret.

240 2644 303 2677 Ex.
329 2645 422 2677 Am).

287 2690 446 2734 quicquid
479 2689 523 2724 de
565 2688 897 2735 Carthaginensibus

162 2739 167 2748 “
239 2736 427 2770 dicebatur.
483 2736 671 2781 Exemplar
721 2739 896 2769 vetustum

237 2782 364 2818 habet:
413 2781 582 2827 quicquid
614 2782 659 2816 de
701 2782 895 2827 Carthagi-

979 1684 1048 1707 nou
1093 1677 1145 1707 est
1186 1674 1466 1721 chirographum
1501 1677 1638 1712 scribae

979 1719 1108 1754 veteris
1131 1721 1349 1764 exemplaris
1375 1723 1515 1758 Bmum.

1026 1767 1059 1808 §.
1083 1766 1118 1801 3.
1139 1768 1297 1810 paternis
1315 1769 1504 1803 virtutibus
1527 1769 1636 1804 simil-

979 1811 1091 1846 limus.
1135 1813 1266 1847 Rarior
1304 1814 1469 1858 loquendi
1506 1815 1634 1858 forma,

979 1858 1039 1891 sed
1064 1857 1198 1892 Velleio
1221 1870 1290 1893 non
1323 1861 1432 1894 semel
1454 1867 1634 1905 usurpata.

976 1904 1020 1937 ΙΙ.
1044 1903 1078 1938 6.
1113 1909 1188 1939 tam
1216 1906 1402 1939 virtutibus
1421 1907 1495 1940 eius
1517 1909 1633 1941 omni-

977 1949 1057 1991 bus,
1090 1961 1194 1994 quam
1225 1951 1304 1985 huic
1326 1954 1449 1995 errori,
1474 1953 1632 1989 similem.

974 1994 1059 2030 item
1087 1996 1130 2029 11.
1165 1995 1223 2031 35.
1268 1997 1312 2031 de
1340 1997 1538 2034 coniectura
1568 2011 1633 2034 no-

972 2045 1063 2076 stra:
1092 2042 1190 2076 homo
1218 2043 1341 2078 virtuti
1374 2046 1495 2080 avitae
1522 2046 1633 2080 simil·-

973 2088 1086 2122 limas.
1128 2089 1342 2124 Monument.
1384 2090 1503 2127 Pisan.
1546 2103 1630 2138 pag.

971 2134 1052 2168 190.
1093 2134 1157 2168 Ed.
1203 2135 1363 2170 chishul.
1403 2138 1630 2172 iustissimum

971 2191 1014 2214 ac
1046 2181 1256 2215 simillimum
1280 2185 1439 2227 parentis
1467 2185 1524 2218 sai
1556 2186 1630 2219 vir-

970 2226 1100 2261 tutibus
1121 2228 1322 2273 principem.
1348 2228 1484 2273 Sulpie.
1508 2230 1628 2268 Sever.

969 2273 1000 2307 1.
1020 2273 1076 2307 22.
1111 2274 1208 2308 illam
1234 2275 1299 2308 siba·
1331 2275 1467 2319 Moyses
1496 2287 1628 2311 eneces-

968 2330 1080 2353 sorem
1116 2321 1359 2363 constituerat,
1407 2322 1521 2356 viram
1554 2324 1627 2357 vir-

968 2366 1100 2399 tutibus
1146 2368 1217 2400 euin
1262 2367 1486 2403 simillimum.
1538 2369 1627 2404 vido

966 2411 1116 2447 Miscell.
1143 2412 1228 2446 Oba.
1254 2413 1592 2459 v111.1.pag.25.

1013 2458 1167 2492 omnibus
1203 2459 1283 2492 belli
1318 2471 1361 2493 ac
1399 2464 1508 2505 togae
1533 2462 1625 2496 doti-

966 2503 1048 2545 bus,
1075 2504 1275 2559 ingeniique
1305 2509 1368 2539 ete.
1398 2506 1515 2542 Huius
1553 2507 1624 2543 loci

965 2552 1161 2592 stmctura,
1216 2550 1363 2586 minime
1431 2553 1622 2596 Velleius,-

965 2606 1102 2640 semper
1140 2596 1309 2632 offendor.
1365 2598 1420 2632 Ab
1466 2600 1623 2634 auctoris

964 2652 1071 2675 manu
1115 2642 1167 2676 sic
1212 2644 1407 2687 profectum
1460 2644 1620 2680 videtur·

963 2689 1116 2722 omnibus
1149 2689 1231 2723 belli
1255 2701 1299 2724 ae
1329 2695 1440 2736 togae
1473 2692 1619 2736 artibus,

962 2734 1161 2780 ingeniique
1190 2746 1232 2769 ac
1266 2737 1457 2771 studiorum
1485 2737 1619 2774 dotibus
1651 2788 1655 2791 X
1719 2771 1723 2784 Ξ

963 2781 1247 2817 eminentissimae
1271 2783 1377 2818 secula·
1402 2784 1469 2819 uui.
