1728 3054
284 218 347 253 XX
696 210 1231 254 PRAEFATIO

285 329 396 373 tium
430 320 587 387 probis
621 327 854 385 doctisque
887 316 987 370 viris
1022 325 1193 370 crimini
1227 326 1391 371 fuisse?
1417 326 1548 374 Haec
1569 333 1660 372 tam

206 410 210 412 “
286 399 447 442 misera
482 397 747 454 scriptorum
783 396 865 440 sub
900 395 1094 453 tyrannis
1130 394 1329 439 conditio
1365 395 1499 452 facit,
1542 404 1590 440 ut
1627 397 1663 441 si

286 467 430 510 minus
465 464 784 519 excusandum,
838 469 960 510 certe
1002 463 1142 507 lenius
1189 464 1513 520 accusandum,
1548 465 1661 509 Vel—

288 535 425 578 leium
460 532 671 588 arbitrer,
717 532 978 594 praesertim
1013 546 1116 576 cum
1153 532 1352 576 eiusdem
1386 531 1550 592 culpae
1589 549 1665 578 so-

288 603 381 647 cios
415 600 606 660 habeat,
650 616 707 645 ne
758 602 815 645 de
850 600 993 659 poetis
1029 600 1203 657 dicam,
1247 598 1477 645 Valerium
1511 601 1664 645 Maxi-

286 685 435 724 mum,
471 669 714 722 Senecam,
750 669 964 724 Curtium,
999 674 1236 728 utrumque
1270 670 1477 727 Plinium,
1514 670 1662 725 Quin-

288 738 539 794 ctilianum,
584 745 628 784 et
671 739 793 783 alios.
863 740 1013 795 Atque
1047 737 1168 784 hanc
1201 739 1485 794 sententiam,
1526 755 1662 798 prae-

286 813 355 851 ter
389 807 445 850 R.
480 807 730 852 Bentleium
765 807 823 850 ad
856 806 1024 852 Lucan.
1062 806 1098 850 1.
1128 805 1209 854 33.
1243 808 1484 852 maturiore
1518 815 1664 853 aetate

287 875 439 930 idem,
482 877 558 934 qui
609 875 776 920 iuvenis
820 875 908 918 alia
952 875 1101 919 omnia
1144 883 1361 932 senserat,
1383 872 1663 921 *Perizonius

287 944 333 988 in
367 943 523 988 Curtio
560 944 678 988 vind.
714 959 822 1004 pag.
854 941 899 988 5.
933 944 1153 1004 probavit.
1224 945 1315 989 Alii
1334 945 1436 999 ,alia
1469 947 1514 990 in
1549 947 1663 990 Vel-

287 1012 378 1056 leio
430 1012 790 1073 reprehendunt,
848 1013 1016 1058 maiore
1051 1027 1155 1058 cum
1207 1014 1450 1072 iniquitate.
1524 1014 1662 1059 Mitto

287 1081 460 1125 Aldum
495 1083 745 1142 Nepotem,
781 1080 1012 1126 hominem
1047 1083 1171 1127 nullo
1205 1082 1251 1125 in
1284 1082 1354 1126 his
1388 1083 1525 1128 literis
1559 1099 1662 1128 sen-

287 1164 337 1193 su
379 1151 655 1208 praeditum,
697 1150 775 1209 qui
817 1150 877 1194 ad
919 1150 977 1194 Π.
1023 1147 1102 1194 52.
1149 1151 1375 1197 Velleium
1416 1167 1507 1196 non
1541 1153 1660 1212 opti-

287 1233 411 1262 mum
443 1219 686 1263 Latinitatis
721 1226 949 1264 auctorem
983 1225 1128 1266 vocat.
1195 1220 1385 1264 Barthio
1418 1212 1661 1266 occurren-

288 1287 399 1331 dum
434 1294 519 1343 est,
555 1289 631 1346 qui
664 1288 850 1333 Advers.
870 1288 992 1333 XVI.
1016 1287 1062 1334 7.
1097 1292 1142 1332 et
1174 1289 1235 1332 ad
1255 1289 1368 1334 Stat.
1398 1289 1457 1334 ll.
1491 1289 1659 1335 Achin.

271 1354 403 1399 146.
452 1357 658 1401 orationis
699 1358 969 1418 elegantiam
1004 1356 1184 1401 Velleio
1227 1358 1361 1403 facile
1395 1359 1660 1412 concedens,

288 1430 437 1469 tamen
485 1426 568 1470 sibi
615 1426 660 1469 in
704 1440 758 1471 eo
803 1431 1022 1471 castrense
1057 1425 1240 1471 dicendi
1271 1442 1414 1487 genus
1449 1427 1565 1471 visus
1598 1435 1663 1471 est

287 1493 518 1553 reperisse.
599 1494 749 1550 Quam
782 1494 959 1539 Barthii
998 1494 1390 1555 reprehensionem
1431 1511 1555 1540 suam
1590 1497 1661 1541 fe-

288 1561 350 1606 cit
377 1562 593 1607 Daumius
637 1563 697 1607 de
735 1565 879 1608 amiss.
910 1563 1048 1610 radic.
1081 1564 1134 1610 L.
1164 1564 1218 1608 L.
1248 1580 1357 1625 pag.
1386 1563 1501 1609 475.
1550 1565 1661 1621 Quis

288 1644 379 1674 non
419 1637 564 1676 atrum
594 1632 835 1681 verborum
871 1638 916 1677 et
954 1633 1230 1678 locutionum
1270 1634 1552 1678 castrensium
1588 1635 1659 1677 in-

289 1699 461 1758 dicem,
497 1715 588 1759 quo
626 1701 725 1745 talis
758 1701 980 1748 accusatio
1012 1702 1372 1757 confirmaretur,
1407 1709 1660 1763 exspectas-

289 1762 410 1811 set?
440 1770 501 1813 At
546 1769 613 1812 illi
654 1770 841 1815 ridicule
878 1770 1184 1830 defunguntur
1228 1771 1404 1815 duobus
1445 1772 1688 1831 exemplis‘
1715 1771 1725 1780 ‘

288 1837 527 1882 verborum
551 1838 886 1898 praescribere
919 1845 965 1883 et
993 1840 1294 1899 praedicere,
1315 1855 1402 1899 pro
1423 1855 1558 1899 supra
1587 1841 1659 1883 di-
1695 1834 1699 1839 ’

289 1919 417 1961 cere,
452 1921 647 1964 quorum
686 1908 820 1967 prius‘
844 1923 871 1952 a
907 1908 1026 1951 mala
1068 1924 1202 1952 manu
1232 1909 1410 1953 Velleio
1449 1909 1658 1954 insertum
1726 1921 1728 1928 ·

289 1973 523 2020 docuimus
557 1976 617 2020 ad
659 1976 717 2023 ΙΙ.
757 1975 836 2020 21.
873 1978 1093 2035 posterius
1122 1978 1270 2037 Trogi
1299 1978 1527 2036 Pompeii,
1563 1978 1658 2023 Co-

286 2041 523 2100 lumellae,
578 2050 622 2088 et
663 2046 851 2089 aliorum
894 2045 1156 2090 auctoritate
1194 2046 1488 2091 defendimus.
1557 2048 1660 2091 Non

287 2111 431 2156 minus
468 2113 630 2157 falsum
672 2120 761 2169 est,
821 2113 946 2173 quod
990 2114 1272 2159 Burmannus
1314 2116 1444 2170 dicit,
1496 2114 1659 2159 Velleii

288 2178 529 2225 dictionem
572 2182 762 2226 multum
802 2199 828 2227 a
858 2182 1076 2227 munditia
1117 2185 1337 2244 Augustei
1375 2185 1473 2228 aevi
1506 2183 1658 2229 desci-

286 2247 408 2293 visse.
474 2250 531 2293 Id
573 2265 663 2294 non
702 2251 862 2297 melius
904 2251 1052 2296 refelli
1089 2268 1116 2296 a
1154 2254 1280 2297 nobis
1316 2253 1484 2312 potuit,
1522 2268 1658 2310 quam

286 2315 513 2362 locutione
546 2331 747 2377 quaque,
785 2320 843 2364 de
885 2335 974 2378 qua
1005 2320 1106 2365 talis
1138 2321 1356 2366 dubitatio
1393 2322 1514 2366 nasci
1545 2337 1657 2380 pos-

285 2390 375 2440 set,
428 2387 701 2446 optimorum
754 2389 1019 2448 scriptorum
1071 2390 1284 2450 exemplis
1336 2391 1652 2435 confirmanda.

284 2453 387 2497 Alia
428 2456 565 2516 igitur
610 2456 774 2500 Velleii
829 2459 1150 2517 vituperatores
1202 2458 1557 2518 reprehendant,
1619 2460 1653 2502 si

285 2522 463 2581 volunt,
518 2530 593 2568 aut
654 2532 862 2584 possunt:
913 2533 1144 2571 venustum
1190 2534 1234 2571 et
1281 2527 1540 2586 exquisitum
1581 2529 1653 2571 lo-

283 2591 450 2647 quendi
488 2606 629 2652 genus
665 2604 851 2652 carpere
879 2596 1218 2655 supersedeant,
1253 2596 1334 2639 nisi
1366 2596 1526 2640 veteris
1557 2597 1651 2641 ele-

282 2660 464 2719 gantiae
491 2661 707 2708 inscitiam
733 2663 930 2723 prodere
957 2664 1106 2710 velint.
1163 2664 1423 2713 Rectissime
1451 2665 1652 2722 idonens,
