1728 3054
197 187 263 243 cn
511 181 802 231 Νοτιτιᾼ
846 178 1270 230 armantium

206 294 310 344 leins
338 295 380 344 ln
408 294 495 334 eius
522 293 662 340 indole
697 294 959 346 moribusque
996 293 1301 342 describendis,
1338 292 1496 346 sibique
1533 291 1593 335 n·

207 353 250 401 in
278 352 356 401 hoc
386 363 537 403 genere
565 350 768 403 placuisse
795 351 977 400 videtur,
1006 356 1051 391 ut
1080 351 1170 390 fere
1200 363 1424 402 nunquam,
1452 350 1523 391 ubi
1549 351 1594 391 iu

208 405 473 450 homines‘ex
500 411 671 459 utraque
699 412 815 461 parte
843 409 1022 460 insignes
1051 408 1252 456 inciderit,
1281 408 1496 456 imaginem
1525 419 1593 448 eo·

210 478 300 513 rum
340 465 391 514 ob
432 463 570 509 oculos
608 477 761 517 ponere
789 465 1122 520 praetermittat.>
1156 465 1246 504 Hae
1285 477 1440 504 morum
1480 468 1595 504 nota-

212 522 366 569 tiones,
407 533 510 572 quae
551 525 776 575 opportuno
805 522 895 563 loco
923 522 1100 562 insertae
1128 520 1291 561 lectoris
1319 521 1511 565 iudicium
1541 521 1596 561 de

211 578 276 627 his
307 577 492 630 personis
522 579 624 626 mire
653 579 860 628 adiuvant,
894 580 1064 618 veritate
1105 583 1148 618 et
1176 579 1367 621 orationis
1397 578 1596 618 brevitate

213 634 431 682 admodum
463 646 509 678 se
538 636 840 684 commendant,
876 636 1035 687 insigne
1074 636 1208 688 operis
1246 641 1340 675 sunt
1377 647 1598 674 ornamen-

214 695 301 740 tum
331 695 374 736 et
402 687 998 744 delectamentumsvarietate
1028 694 1296 732 narrationem
1332 688 1598 743 distinguunt,

213 747 524 800 legentibusque
553 753 646 789 sunt
674 749 788 801 velut
816 748 1072 798 diverticula,
1113 750 1182 788 ubi
1210 749 1364 788 animus
1394 761 1445 788 ex
1475 749 1598 799 longo

215 808 259 850 et
293 803 513 853 festinante
550 809 782 847 transcursu
817 820 954 847 rerum
990 806 1166 847 breviter
1202 805 1499 859 propositarum
1532 817 1599 845 re—

215 861 427 913 quiescere
457 867 589 913 queat.

236 921 241 924 ’
332 917 488 958 Deinde
525 919 594 958 ubi
634 919 684 959 ad
713 933 781 960 res
807 921 916 972 ipsas
945 918 1125 967 accedit,
1164 918 1241 969 ita,
1284 918 1465 971 partibus
1503 930 1601 969 pru-

218 974 364 1022 denter
391 975 634 1027 seligendis,
674 990 869 1016 summam
907 977 970 1016 rei
998 975 1285 1028 conficituut,
1316 974 1509 1027 quidquid
1538 973 1602 1013 le-

219 1031 342 1071 ctoris
374 1031 424 1070 ad
456 1045 543 1072 eam
573 1034 896 1085 perspiciendam
925 1033 1140 1086 plurimum
1169 1033 1407 1080 interesset,
1436 1030 1602 1071 minime

219 1088 487 1135 desideretur.
545 1088 626 1129 Pro
656 1091 850 1143 exemplis
886 1091 940 1130 sit
977 1090 1084 1129 inter
1120 1089 1199 1128 alia
1236 1089 1334 1128 belli
1363 1088 1524 1127 socialis
1551 1085 1601 1126 Π.

220 1147 287 1186 15.
317 1158 402 1196 seq.
443 1150 485 1186 et
515 1145 772 1187 Catilinariae
803 1147 1088 1186 coniurationis
1126 1146 1258 1185 brevis
1287 1150 1329 1185 et
1357 1149 1451 1197 apta
1479 1155 1603 1197 expo-

219 1201 325 1249 sitio.
363 1201 446 1242 Sed
475 1215 555 1242 non
584 1204 713 1244 solum
742 1204 1034 1255 intelligentiae
1062 1202 1280 1252 lectorum,
1311 1214 1448 1241 verum
1480 1201 1603 1240 etiam

219 1257 438 1307 affectuum
468 1260 590 1298 animi
617 1261 904 1301 movendorum
935 1260 1134 1306 rationem
1162 1259 1328 1307 habuit,
1357 1259 1407 1297 iis
1439 1257 1603 1309 quidem

217 1315 400 1368 partibus
429 1315 676 1370 deligendis,
720 1330 823 1369 quae
860 1329 998 1364 rerum
1036 1321 1080 1356 et
1116 1328 1376 1368 personarum
1405 1314 1605 1366 magnitu÷

220 1371 357 1411 dinem
398 1372 449 1411 ob
470 1373 624 1423 ‘oculos
663 1379 839 1426 ponant,
875 1373 1182 1417 admirationem
1212 1373 1414 1419 excitent,
1453 1375 1606 1410 metum

221 1428 403 1483 iniiciant
431 1433 499 1468 aut
528 1429 746 1482 depellant,
782 1434 824 1480 et
851 1430 1047 1477 laetitiam
1077 1429 1130 1468 de
1157 1429 1268 1469 exitu
1294 1427 1505 1476 instillent,
1532 1427 1605 1466 do-

221 1483 351 1524 lorem
403 1486 784 1539 miserationemque
831 1490 1118 1535 commoveant.
1196 1485 1338 1538 ltaque
1384 1484 1607 1535 legentium

223 1541 376 1589 animos
405 1543 564 1595 saepius
595 1548 728 1592 tenet,
762 1544 942 1596 pericula
977 1542 1230 1583 discutienda
1259 1541 1384 1583 oculis
1414 1539 1621 1583 obiicieu-'

224 1596 296 1646 do,
338 1594 394 1653 (v.
425 1612 460 1639 c.
491 1599 539 1639 ll.
566 1602 607 1651 2,
634 1604 675 1642 6.
707 1604 774 1648 18.⁴
804 1605 900 1643 109.
933 1597 1049 1654 llo.)
1087 1599 1193 1639 vires
1222 1598 1471 1639 adversarias
1499 1598 1608 1638 iuste

225 1654 446 1707 exigendo,
483 1655 546 1711 (v.
578 1669 615 1696 c.
645 1657 694 1697 11.
722 1661 791 1700 49.
822 1660 889 1699 51.
926 1660 993 1700 8-1.
1026 1660 1108 1698 109
1187 1654 1277 1712 10.)
1318 1655 1609 1707 impedimenta

225 1711 404 1751 consiliis
431 1716 474 1759 et
502 1713 624 1759 rebus
653 1714 821 1764 agendis
852 1715 1011 1753 obiecta
1036 1725 1114 1765 exp
1172 1713 1290 1761 endo,
1320 1712 1374 1766 (v.
1395 1724 1429 1751 c.
1459 1711 1509 1754 11.
1538 1713 1608 1753 51.

225 1769 295 1819 55.
326 1764 418 1822 ⁹19.)
449 1769 726 1819 consiliorum,
769 1770 912 1821 quibus
951 1770 1119 1808 disiecta
1147 1774 1264 1816 sunt,
1302 1769 1522 1817 rationem,
1565 1771 1609 1808 et

225 1824 503 1876 prudentiam,
543 1826 770 1876 agendique
810 1826 1089 1867 fortitudinem
1130 1825 1433 1877 persequendo,
1475 1823 1532 1879 (V.
1573 1836 1608 1865 c.

226 1880 277 1926 ll.
307 1880 358 1930 ll.
389 1886 431 1920 et
459 1881 506 1922 11.
534 1885 604 1924 88.
634 1882 725 1922 coll.
756 1882 849 1922 111.
881 1885 977 1925 112.
1006 1879 1140 1940 seqq.)
1172 1885 1214 1920 et
1251 1882 1414 1921 tandem
1444 1881 1495 1920 ad
1525 1880 1610 1920 exi-

227 1941 312 1983 tum
351 1937 414 1981 vel
451 1938 559 1977 haud
596 1943 821 1991 speratum,
857 1939 922 1979 vel
949 1938 1263 1991 deplorandum,
1301 1935 1358 1993 (v.
1391 1950 1427 1978 c.
1458 1937 1509 1978 11.
1537 1939 1608 1980 28.

228 1997 296 2037 66.
325 1993 416 2049 67.)
445 1996 717 2046 perducendo.

342 2051 388 2090 ln
417 2052 537 2091 rebus
567 2057 701 2091 autem
738 2052 797 2091 sic
834 2050 1054 2091 tractandis
1095 2053 1138 2089 et
1163 2049 1292 2090 causis
1322 2053 1365 2093 et
1393 2049 1608 2091 effectibus

228 2120 364 2155 rerum
394 2108 629 2148 brevitatem
661 2122 771 2148 suam
799 2108 1005 2158 instruxit,
1044 2107 1151 2158 quod
1187 2119 1314 2158 genus
1342 2112 1487 2147 vocant
1513 2120 1608 2160 pra-

231 2165 460 2216 gmaticum.
522 2166 680 2217 Quippe
719 2178 857 2205 causas
892 2164 956 2203 vel
993 2165 1054 2203 rei
1083 2164 1311 2212 universae,
1348 2164 1610 2215 eiusdemque

232 2233 402 2272 magnae
431 2222 567 2268 statim
595 2222 710 2270 initio
739 2221 977 2261 narrationis
1006 2221 1169 2260 uberius
1199 2220 1375 2268 subiicit,
1405 2219 1462 2274 (v,
1490 2234 1524 2260 c.
1554 2220 1606 2262 11.

233 2279 272 2318 2.
308 2281 348 2319 6.
379 2279 446 2319 15.
476 2282 543 2321 44.
572 2277 662 2333 48.)
706 2279 770 2318 vel
810 2278 972 2317 easdem
1002 2278 1177 2330 partium
1217 2282 1259 2316 et
1298 2290 1435 2317 rerum
1471 2278 1610 2327 singu-

231 2333 375 2373 larium
406 2331 646 2386 expositioni
672 2334 961 2382 intermiscuit,
1003 2334 1053 2387 (ν.
1084 2347 1118 2375 c.
1149 2333 1199 2373 11.
1228 2336 1295 2375 21.
1323 2337 1392 2376 48.
1408 2334 1488 2375 153.
1518 2331 1608 2392 82.)

233 2402 366 2442 neque
394 2391 522 2433 solum
551 2392 748 2432 rationem
777 2391 918 2430 habuit
956 2404 1116 2439 earum,
1154 2403 1256 2441 quae
1294 2396 1407 2430 certo
1450 2394 1609 2429 consta-

235 2447 350 2495 bant,
380 2448 443 2487 vel
472 2449 574 2488 tales
604 2449 682 2488 sibi
709 2449 971 2498 videbantur,
999 2448 1072 2486 sed
1103 2447 1247 2494 etiam,
1279 2460 1381 2498 quae
1409 2446 1493 2486 sive
1520 2446 1609 2498 plu-

223 2516 301 2542 ·res
333 2505 740 2555 circumferebantur,
779 2505 864 2544 sive
903 2517 1001 2556 quas
1033 2504 1292 2543 coniectando
1322 2504 1484 2554 assequi
1511 2503 1610 2543 lice-

235 2559 325 2606 bat;
365 2574 399 2601 V.
431 2575 464 2601 c.
496 2562 544 2610 11.
573 2565 613 2604 2.
640 2565 680 2604 6.
716 2557 782 2604 48.
821 2562 905 2608 Has
935 2573 1028 2599 vero
1065 2573 1204 2609 causas
1241 2559 1306 2600 vel
1335 2573 1359 2599 e
1387 2561 1510 2599 rebus
1540 2572 1609 2600 an-

234 2617 514 2661 tecedentibus
543 2624 656 2666 recte
687 2618 862 2667 derivat3
909 2616 974 2656 vel
1016 2629 1067 2665 ex
1105 2617 1270 2656 humani
1309 2616 1430 2655 animi
1471 2615 1611 2657 indole

231 2671 521 2726 hominumque
547 2676 750 2725 moribus,
779 2674 980 2728 per-versis
1017 2673 1165 2721 etiam,
1194 2686 1362 2725 quorum
1389 2673 1469 2723 vis,
1499 2685 1611 2712 com-

228 2730 339 2778 muni
368 2743 501 2771 rerum
532 2732 781 2785 experientia
807 2731 905 2781 alias
932 2730 1209 2783 comprobata,
1247 2742 1293 2770 re
1330 2730 1418 2782 ipsa
1453 2742 1478 2769 a
1506 2728 1608 2769 scri-
