1728 3054
241 215 298 256 32
528 209 575 249 C.
608 205 886 249 VELLEH
923 204 1317 247 PATERCULI

241 334 361 381 tum,
406 324 521 366 ultra
567 328 735 366 metum
781 319 937 375 durat,
983 326 1026 364 et
1070 334 1126 363 ne
1178 306 1222 363 in
1265 320 1390 364 victis
1432 321 1615 380 quidem

244 392 506 460 deponitur:
550 405 698 449 neque
744 395 846 433 ante
890 388 1078 433 invisum
1120 403 1214 434 esse
1247 388 1428 444 desinit,
1479 405 1617 448 quam

245 478 340 509 esse
374 459 514 504 desiit.

341 529 473 574 CAP.
499 527 766 572 X111..Ante
793 525 1039 581 triennium,
1062 539 1199 583 quam
1225 524 1457 586 Carthago
1483 525 1614 570 dele-

213 605 375 653 ¹retur,
406 597 474 641 M.
503 596 632 652 Cato,
667 601 911 655 perpetuus
947 594 1191 638 diruendae
1227 595 1317 638 eius
1354 601 1523 651 auctor,
1559 594 1615 642 L;

242 667 512 722 Censorino,
561 665 630 709 Μ.
666 664 841 708 Manlio
884 663 1005 708 Coss.
1044 670 1232 707 mortem
1269 663 1391 707 obiit.
1436 663 1618 708 Eodem

244 751 383 792 anno,
419 749 511 794 quo
547 733 779 794 Carthago
816 732 1032 787 concidit,
1076 732 1130 776 L.
1166 732 1410 776 Mummius
1456 731 1620 776 corin-v

242 806 397 861 thum,
433 808 536 864 post
569 818 706 848 annos
740 800 1044 846 DCCCCLII.
1081 816 1217 858 quam
1238 802 1302 853 ab·
1315 802 1460 855 Alete,
1496 801 1618 859 Hip-

207 876 366 935 2potis
408 874 528 929 filio,
574 878 668 916 erat
713 870 920 924 condita,
976 869 1171 914 funditus
1217 871 1342 914 eruit.

1411 869 1617 927 Uterque

245 945 515 1003 imperator,
560 941 763 986 devictae
808 954 834 982 a
878 953 925 982 Se
969 939 1112 996 gentis
1146 939 1338 982 nomine*
1358 937 1617 995 honoratus,

246 1014 360 1058 alter
393 1012 655 1065 Africanus,
699 1010 810 1052 alter
854 1007 1108 1066 appellatus
1153 1013 1217 1050 est
1249 1006 1484 1053 Achaicus,
1519 1008 1619 1051 Nec

244 1083 479 1142 quisquam
515 1093 569 1123 ex
603 1078 727 1122 novis
761 1076 1015 1120 hominibus
1043 1076 1168 1134 prior
1189 1074 1413 1119 Mummio
1443 1090 1619 1136 cogno-

205 1160 349 1200 amen
381 1151 541 1194 virtute
575 1154 754 1207 partum
787 1145 1038 1189 vindicavit.
1074 1144 1245 1188 Diversi
1277 1145 1618 1204 imperatoribus

242 1235 415 1274 mores,
461 1217 634 1261 diversa
681 1216 808 1259 fuere
859 1214 1015 1257 studia.

1088 1213 1274 1272 Quippe
1316 1213 1472 1273 Scipio
1526 1220 1620 1257 tam

242 1289 428 1349 elegans
463 1285 717 1330 liberalium
750 1283 1012 1338 studiorum,
1047 1284 1280 1339 omnisque
1315 1282 1546 1326 doctrinae
1575 1287 1620 1325 et

241 1365 399 1403 auctor
434 1361 478 1400 et
512 1354 755 1398 admirator
787 1351 895 1406 fuit,
931 1357 981 1395 ut
1023 1351 1289 1409 Polybium,
1331 1351 1618 1395 Panaetium-

242 1442 355 1487 que,
399 1424 721 1485 praecellentes
764 1420 945 1481 ingenio
992 1418 1133 1476 viros,
1177 1418 1303 1463 domi
1346 1419 1619 1478 militiaeque

238 1563 383 1607 ponant.
417 1558 509 1604 quod
539 1568 642 1592 suum
673 1554 756 1590 fecit
786 1553 893 1588 Clau-

241 1608 334 1641 dian.
369 1606 412 1639 cle
437 1605 491 1640 IV.
525 1605 624 1639 Cons.
652 1604 786 1636 Honor.
811 1599 892 1636 115.

242 1655 331 1688 odiis
365 1653 476 1693 idem,
508 1652 567 1696 qui
588 1650 753 1685 terminus
776 1648 892 1681 armis.

241 1701 328 1735 Mox
372 1699 410 1732 in
455 1699 554 1732 victis
598 1708 663 1741 pro
705 1695 743 1729 in
773 1694 893 1735 victos,

240 1749 381 1791 praeter
422 1745 664 1778 Burmannum
708 1741 752 1775 ad
791 1740 828 1773 h.
868 1740 893 1773 l.

240 1791 610 1871 vindicatzsPasserat.
652 1788 697 1823 ad
735 1787 894 1830 Propere.

287 1917 397 1951 neque
429 1909 511 1939 aute
545 1903 693 1938 invisum
727 1912 799 1935 esse
833 1901 898 1935 de-

241 1953 333 1987 sinit.
366 1952 590 1986 Burmannus
621 1950 767 1982 invisum
790 1947 899 1980 refert

242 1999 289 2033 ad
328 2010 451 2032 nomen
477 1995 742 2040 'Carthaginis,

242 2044 336 2090 capit
358 2056 421 2089 pro
443 2043 519 2088 ipsa
529 2040 755 2085 Carthagine.
778 2040 898 2083 Quam

240 2090 561 2135 interpretationem
598 2087 760 2121 refellunt
788 2085 899 2119 verba

242 2149 388 2182 usquam
418 2139 596 2178 maneret,
632 2144 723 2177 quae
757 2132 800 2165 de
833 2142 897 2165 no·-

243 2184 358 2226 mine,
380 2182 455 2218 sive
477 2183 574 2216 fama
598 2191 661 2224 per
683 2179 803 2213 orbem
827 2181 897 2211 ter-

243 2241 365 2265 rarum
398 2229 564 2274 vulgata,
603 2228 691 2261 bene
725 2224 897 2265 dicuntur,

243 2277 287 2310 de
317 2276 405 2310 urbe
444 2278 539 2309 certo
579 2273 657 2308 loco
697 2271 762 2305 sita
799 2271 897 2304 nullo

242 2323 360 2357 modo.
414 2321 467 2355 Ex
507 2319 632 2364 quibus
672 2316 898 2362 perspicuum

242 2372 307 2411 est,
331 2367 560 2402 necessariam
574 2377 646 2399 esse
654 2355 697 2398 Li
700 2363 766 2407 psii
782 2374 899 2396 emen-

243 2416 436 2450 dationem:
459 2424 568 2461 neque
590 2416 671 2446 ante
692 2410 804 2443 invisa
828 2420 899 2442 esse

243 2463 358 2495 desiit.
388 2465 428 2496 ut
452 2460 565 2493 invisa
594 2459 639 2492 ad
671 2455 898 2501 Carthaginis

239 2508 423 2543 referatur.
471 2505 570 2541 Nihil
601 2504 716 2538 dicam
746 2503 789 2535 de
821 2513 898 2535 am-

239 2554 437 2598 biguitate,
473 2552 509 2586 in
541 2562 647 2595 quam
670 2548 820 2582 Velleius
843 2547 898 2580 iu-

240 2599 398 2639 cidisset,
434 2599 465 2632 si
487 2600 655 2637 invisum,
686 2597 760 2630 tum
781 2593 898 2629 vicina

240 2657 327 2680 voce
350 2646 490 2687 odium,
513 2643 718 2688 scripsisset.

288 2715 391 2749 oAP.
423 2714 516 2748 xm.
561 2715 594 2756 5.
619 2711 653 2745 1.
693 2712 738 2746 A.
782 2710 899 2743 Mum-

242 2762 351 2797 mius.
375 2760 489 2805 Alias,
513 2760 555 2797 L.
578 2759 747 2794 Rumam.
770 2757 900 2806 Exem-

793 1993 898 2036 idque
919 2006 927 2013 ·

959 1554 1041 1598 piar
1064 1555 1163 1587 vetus
1185 1552 1295 1587 habet
1318 1563 1342 1586 a
1363 1562 1526 1597 parvum.
1559 1551 1619 1586 In-

961 1601 1003 1634 de
1026 1600 1215 1646 legendum
1239 1598 1406 1634 conficio:
1430 1599 1479 1634 At
1503 1599 1619 1633 Mum-

959 1647 1059 1681 mius.
1100 1647 1243 1681 Bemm-

1008 1727 1033 1750 a
1067 1715 1187 1750 Belete

962 1761 1056 1795 Edit.
1082 1773 1134 1805 pr.
1169 1761 1215 1795 At
1237 1761 1361 1795 Editor
1382 1761 1493 1795 Basil.
1515 1762 1550 1794 et
1568 1759 1618 1794 Η.

961 1808 1081 1842 Iunius
1112 1807 1295 1841 Animadv.
1333 1807 1390 1841 v1.
1414 1806 1471 1842 25.
1496 1816 1620 1839 veram

963 1854 1146 1887 lectionem
1170 1853 1413 1886 restituerunt:
1437 1853 1481 1886 ab
1510 1853 1620 1893 Alete,

964 1900 1126 1943 Hippotis
1145 1900 1237 1942 filio.
1276 1898 1362 1933 Vide
1387 1909 1477 1943 quae
1508 1908 1618 1932 anno-

958 1946 1113 1980 tavimus
1136 1944 1181 1978 ad
1203 1945 1231 1980 1.
1254 1943 1290 1979 3.

1227 1713 1399 1760 Hipponis
1419 1714 1510 1759 filio.
1557 1711 1620 1747 Sic

1009 2016 1042 2058 §.
1074 2013 1107 2048 3.
1153 2013 1328 2058 omnisque
1368 2011 1546 2046 doctrinae
1584 2015 1620 2046 et

964 2066 1085 2095 auctor
1109 2064 1142 2094 et
1161 2060 1355 2094 admirator
1370 2059 1455 2102 suit.
1481 2056 1620 2100 Lipsius

962 2118 1026 2151 pro
1050 2111 1170 2140 auctor
1192 2106 1332 2150 legebat
1354 2107 1496 2148 fautor:
1526 2102 1621 2147 quod

963 2154 1052 2186 bene
1085 2152 1216 2186 refellit
1252 2151 1439 2196 Scioppius
1463 2150 1506 2184 de
1528 2149 1619 2184 Stilo

963 2199 1053 2233 nist.
1079 2210 1161 2243 pag.
1186 2197 1266 2232 176.
1300 2202 1334 2232 et
1364 2196 1485 2232 Heius.
1509 2196 1554 2230 ad
1580 2196 1618 2229 h.

964 2246 990 2279 1.
1016 2246 1131 2279 Multo
1156 2244 1306 2278 deterius
1330 2247 1396 2285 est,
1430 2242 1521 2286 quod
1545 2242 1619 2275 Da-

963 2291 1027 2326 vis.
1053 2292 1097 2325 ad
1120 2290 1191 2325 Cic.
1215 2290 1320 2324 Acad.
1354 2289 1398 2323 11.
1430 2289 1464 2323 2.
1496 2286 1619 2331 reponi

963 2338 1128 2379 volebat,
1170 2337 1318 2370 auditor.
1355 2334 1425 2369 Sed
1456 2333 1532 2378 ipse
1560 2343 1620 2366 ro-

964 2383 1124 2428 pudiavit
1146 2383 1189 2416 ad
1215 2381 1286 2416 Cic.
1313 2381 1355 2415 de
1377 2380 1453 2415 Fin.
1478 2380 1536 2413 IV.
1558 2378 1618 2413 16.

963 2431 1104 2474 prolato
1127 2428 1302 2462 Ciceronis
1324 2428 1406 2462 loco
1429 2425 1536 2460 Acad.
1558 2425 1617 2459 lv.

962 2477 998 2511 2.
1033 2476 1095 2509 ubi
1119 2480 1240 2509 auctor
1269 2473 1506 2519 philosophiae
1530 2471 1619 2505 dici-

963 2528 1043 2565 tur,
1082 2521 1142 2566 qui
1182 2519 1426 2565 philosophiae
1465 2517 1618 2552 auctori-

963 2572 1071 2603 tatem
1103 2568 1181 2610 dat,
1213 2566 1273 2610 qui
1307 2566 1504 2609 exemplum
1535 2563 1619 2609 phi-

962 2613 1145 2658 losophiae
1176 2613 1342 2646 colendae
1371 2612 1526 2657 praebetz
1557 2609 1619 2647 Sic

964 2662 1004 2695 u.
1054 2659 1110 2694 26.
1153 2660 1374 2699 Scaevolam,
1421 2658 1618 2702 pontificem

965 2707 1172 2749 maximum,
1205 2710 1239 2740 et
1270 2705 1381 2739 divini
1407 2703 1617 2748 humanique

964 2754 1050 2789 iuris
1073 2757 1247 2788 auctorem
1268 2751 1534 2787 celeberrimum·
