<?xml version="1.0" encoding="UTF-8"?>
<!DOCTYPE html PUBLIC "-//W3C//DTD XHTML 1.0 Transitional//EN"
    "http://www.w3.org/TR/xhtml1/DTD/xhtml1-transitional.dtd">
<html xmlns="http://www.w3.org/1999/xhtml" xml:lang="en" lang="en">
 <head>
  <title>
</title>
<meta http-equiv="Content-Type" content="text/html;charset=utf-8" />
  <meta name='ocr-system' content='tesseract 3.04.00' />
  <meta name='ocr-capabilities' content='ocr_page ocr_carea ocr_par ocr_line ocrx_word'/>
</head>
<body>
  <div class='ocr_page' id='page_1' title='image "./quaesupersuntexh00velluoft_0422.png"; bbox 0 0 1728 3054; ppageno 0'>
   <div class='ocr_carea' id='block_1_1' title="bbox 253 185 340 227">
    <p class='ocr_par' dir='ltr' id='par_1_1' title="bbox 253 185 340 227">
     <span class='ocr_line' id='line_1_1' title="bbox 253 185 340 227; baseline 0.011 -1"><span class='ocrx_word' id='word_1_1' title='bbox 253 185 340 227; x_wconf 76' lang='lat'><strong>234</strong></span> 
     </span>
    </p>
   </div>
   <div class='ocr_carea' id='block_1_2' title="bbox 213 295 1382 357">
    <p class='ocr_par' dir='ltr' id='par_1_2' title="bbox 213 295 1382 357">
     <span class='ocr_line' id='line_1_2' title="bbox 213 295 1382 357; baseline 0.002 -15"><span class='ocrx_word' id='word_1_2' title='bbox 213 302 509 352; x_wconf 78' lang='lat' dir='ltr'><strong>4senescere‚</strong></span> <span class='ocrx_word' id='word_1_3' title='bbox 552 310 692 354; x_wconf 85' lang='lat' dir='ltr'><strong>quam</strong></span> <span class='ocrx_word' id='word_1_4' title='bbox 735 295 931 341; x_wconf 85' lang='lat' dir='ltr'><strong>Romam</strong></span> <span class='ocrx_word' id='word_1_5' title='bbox 976 297 1160 357; x_wconf 80' lang='lat' dir='ltr'><strong>regredi</strong></span> <span class='ocrx_word' id='word_1_6' title='bbox 1203 299 1382 344; x_wconf 79' lang='lat' dir='ltr'><strong>mallet.</strong></span> 
     </span>
    </p>
   </div>
   <div class='ocr_carea' id='block_1_3' title="bbox 562 178 1360 229">
    <p class='ocr_par' dir='ltr' id='par_1_3' title="bbox 562 178 1360 229">
     <span class='ocr_line' id='line_1_3' title="bbox 562 178 1360 229; baseline 0.01 -8"><span class='ocrx_word' id='word_1_7' title='bbox 562 180 612 222; x_wconf 79' lang='lat' dir='ltr'><strong>G.</strong></span> <span class='ocrx_word' id='word_1_8' title='bbox 654 178 934 223; x_wconf 71' lang='lat' dir='ltr'><strong>VEhLEu</strong></span> <span class='ocrx_word' id='word_1_9' title='bbox 965 180 1360 229; x_wconf 67' lang='lat' dir='ltr'><strong>PATERGULI</strong></span> 
     </span>
    </p>
   </div>
   <div class='ocr_carea' id='block_1_4' title="bbox 1458 299 1635 346">
    <p class='ocr_par' dir='ltr' id='par_1_4' title="bbox 1458 299 1635 346">
     <span class='ocr_line' id='line_1_4' title="bbox 1458 299 1635 346; baseline 0.011 -2"><span class='ocrx_word' id='word_1_10' title='bbox 1458 299 1635 346; x_wconf 77' lang='lat' dir='ltr'>Deinde</span> 
     </span>
    </p>
   </div>
   <div class='ocr_carea' id='block_1_5' title="bbox 249 365 1636 567">
    <p class='ocr_par' dir='ltr' id='par_1_5' title="bbox 249 365 1636 567">
     <span class='ocr_line' id='line_1_5' title="bbox 250 365 1635 423; baseline 0.003 -13"><span class='ocrx_word' id='word_1_11' title='bbox 250 367 517 421; x_wconf 76' lang='lat' dir='ltr'>reluctatus,</span> <span class='ocrx_word' id='word_1_12' title='bbox 561 365 811 423; x_wconf 83' lang='lat' dir='ltr'><strong>invitusque</strong></span> <span class='ocrx_word' id='word_1_13' title='bbox 851 374 1076 411; x_wconf 85' lang='lat' dir='ltr'><strong>revertens</strong></span> <span class='ocrx_word' id='word_1_14' title='bbox 1120 367 1165 410; x_wconf 90' lang='lat' dir='ltr'><strong>in</strong></span> <span class='ocrx_word' id='word_1_15' title='bbox 1198 365 1401 423; x_wconf 74' lang='lat' dir='ltr'><strong>ltaliam,</strong></span> <span class='ocrx_word' id='word_1_16' title='bbox 1445 369 1491 413; x_wconf 90' lang='lat' dir='ltr'><strong>in</strong></span> <span class='ocrx_word' id='word_1_17' title='bbox 1521 370 1635 414; x_wconf 87' lang='lat' dir='ltr'><strong>urbe</strong></span> 
     </span>
     <span class='ocr_line' id='line_1_6' title="bbox 249 434 1636 496; baseline 0.002 -16"><span class='ocrx_word' id='word_1_18' title='bbox 249 434 421 493; x_wconf 80' lang='lat' dir='ltr'>Lyciae</span> <span class='ocrx_word' id='word_1_19' title='bbox 456 434 675 493; x_wconf 79' lang='lat' dir='ltr'>(Limyra</span> <span class='ocrx_word' id='word_1_20' title='bbox 708 435 959 496; x_wconf 85' lang='lat' dir='ltr'><strong>nominant)</strong></span> <span class='ocrx_word' id='word_1_21' title='bbox 994 436 1155 481; x_wconf 88' lang='lat' dir='ltr'><strong>morbo</strong></span> <span class='ocrx_word' id='word_1_22' title='bbox 1192 437 1325 490; x_wconf 84' lang='lat' dir='ltr'><strong>obiit3</strong></span> <span class='ocrx_word' id='word_1_23' title='bbox 1354 453 1498 496; x_wconf 73' lang='lat' dir='ltr'><strong>quum</strong></span> <span class='ocrx_word' id='word_1_24' title='bbox 1532 445 1636 483; x_wconf 81' lang='lat' dir='ltr'><strong>ante</strong></span> 
     </span>
     <span class='ocr_line' id='line_1_7' title="bbox 251 500 1635 567; baseline 0.003 -19"><span class='ocrx_word' id='word_1_25' title='bbox 251 518 418 548; x_wconf 84' lang='lat' dir='ltr'><strong>annum</strong></span> <span class='ocrx_word' id='word_1_26' title='bbox 453 504 597 548; x_wconf 86' lang='lat' dir='ltr'><strong>ferme</strong></span> <span class='ocrx_word' id='word_1_27' title='bbox 631 503 688 548; x_wconf 91' lang='lat' dir='ltr'><strong>L.</strong></span> <span class='ocrx_word' id='word_1_28' title='bbox 723 504 912 561; x_wconf 87' lang='lat' dir='ltr'><strong>Caesar,</strong></span> <span class='ocrx_word' id='word_1_29' title='bbox 958 505 1096 550; x_wconf 82' lang='lat' dir='ltr'><strong>frater</strong></span> <span class='ocrx_word' id='word_1_30' title='bbox 1131 500 1238 566; x_wconf 86' lang='lat' dir='ltr'><strong>eius,</strong></span> <span class='ocrx_word' id='word_1_31' title='bbox 1273 507 1513 566; x_wconf 81' lang='lat' dir='ltr'>Hispanias</span> <span class='ocrx_word' id='word_1_32' title='bbox 1547 523 1635 567; x_wconf 74' lang='lat' dir='ltr'><strong>pe-</strong></span> 
     </span>
    </p>
   </div>
   <div class='ocr_carea' id='block_1_6' title="bbox 249 572 919 635">
    <p class='ocr_par' dir='ltr' id='par_1_6' title="bbox 249 572 919 635">
     <span class='ocr_line' id='line_1_8' title="bbox 249 572 919 635; baseline 0.003 -18"><span class='ocrx_word' id='word_1_33' title='bbox 249 579 348 635; x_wconf 81' lang='lat' dir='ltr'><strong>tens</strong></span> <span class='ocrx_word' id='word_1_34' title='bbox 382 572 613 618; x_wconf 80' lang='lat' dir='ltr'><strong>Massiliae</strong></span> <span class='ocrx_word' id='word_1_35' title='bbox 647 573 919 619; x_wconf 81' lang='lat' dir='ltr'><strong>decessisset.</strong></span> 
     </span>
    </p>
   </div>
   <div class='ocr_carea' id='block_1_7' title="bbox 250 641 1635 907">
    <p class='ocr_par' dir='ltr' id='par_1_7' title="bbox 250 641 1635 907">
     <span class='ocr_line' id='line_1_9' title="bbox 390 641 1635 705; baseline 0.003 -19"><span class='ocrx_word' id='word_1_36' title='bbox 390 641 527 689; x_wconf 86' lang='lat' dir='ltr'><strong>CAP.</strong></span> <span class='ocrx_word' id='word_1_37' title='bbox 550 641 673 686; x_wconf 84' lang='lat' dir='ltr'><strong>cul.</strong></span> <span class='ocrx_word' id='word_1_38' title='bbox 700 643 796 688; x_wconf 85' lang='lat' dir='ltr'><strong>Sed</strong></span> <span class='ocrx_word' id='word_1_39' title='bbox 831 643 1025 697; x_wconf 70' lang='lat' dir='ltr'><strong>fortuna,</strong></span> <span class='ocrx_word' id='word_1_40' title='bbox 1059 658 1178 702; x_wconf 85' lang='lat' dir='ltr'><strong>quae</strong></span> <span class='ocrx_word' id='word_1_41' title='bbox 1203 643 1477 690; x_wconf 81' lang='lat' dir='ltr'><strong>subduxerat</strong></span> <span class='ocrx_word' id='word_1_42' title='bbox 1506 660 1635 705; x_wconf 86' lang='lat' dir='ltr'><strong>spem</strong></span> 
     </span>
     <span class='ocr_line' id='line_1_10' title="bbox 250 711 1635 773; baseline 0.001 -17"><span class='ocrx_word' id='word_1_43' title='bbox 250 711 408 771; x_wconf 82' lang='lat' dir='ltr'><strong>magni</strong></span> <span class='ocrx_word' id='word_1_44' title='bbox 442 711 656 768; x_wconf 87' lang='lat' dir='ltr'><strong>nominis,</strong></span> <span class='ocrx_word' id='word_1_45' title='bbox 690 712 780 756; x_wconf 85' lang='lat' dir='ltr'><strong>iam</strong></span> <span class='ocrx_word' id='word_1_46' title='bbox 813 718 910 757; x_wconf 85' lang='lat' dir='ltr'><strong>tum</strong></span> <span class='ocrx_word' id='word_1_47' title='bbox 944 715 1120 773; x_wconf 87' lang='lat' dir='ltr'><strong>reipub.</strong></span> <span class='ocrx_word' id='word_1_48' title='bbox 1157 727 1236 757; x_wconf 89' lang='lat' dir='ltr'><strong>sua</strong></span> <span class='ocrx_word' id='word_1_49' title='bbox 1270 714 1494 773; x_wconf 82' lang='lat' dir='ltr'><strong>praesidia</strong></span> <span class='ocrx_word' id='word_1_50' title='bbox 1526 714 1635 759; x_wconf 87' lang='lat' dir='ltr'><strong>red—</strong></span> 
     </span>
     <span class='ocr_line' id='line_1_11' title="bbox 251 780 1633 843; baseline 0.002 -19"><span class='ocrx_word' id='word_1_51' title='bbox 251 780 444 825; x_wconf 83' lang='lat' dir='ltr'><strong>diderat.</strong></span> <span class='ocrx_word' id='word_1_52' title='bbox 491 780 681 841; x_wconf 77' lang='lat' dir='ltr'><strong>Quippe</strong></span> <span class='ocrx_word' id='word_1_53' title='bbox 717 788 819 828; x_wconf 86' lang='lat' dir='ltr'><strong>ante</strong></span> <span class='ocrx_word' id='word_1_54' title='bbox 853 782 1082 842; x_wconf 75' lang='lat' dir='ltr'><strong>utriusque</strong></span> <span class='ocrx_word' id='word_1_55' title='bbox 1115 781 1283 827; x_wconf 90' lang='lat' dir='ltr'><strong>horum</strong></span> <span class='ocrx_word' id='word_1_56' title='bbox 1318 783 1513 837; x_wconf 81' lang='lat' dir='ltr'><strong>obitum,</strong></span> <span class='ocrx_word' id='word_1_57' title='bbox 1549 798 1633 843; x_wconf 88' lang='lat' dir='ltr'><strong>pa-</strong></span> 
     </span>
     <span class='ocr_line' id='line_1_12' title="bbox 251 850 1635 907; baseline 0.002 -14"><span class='ocrx_word' id='word_1_58' title='bbox 251 855 322 894; x_wconf 88' lang='lat' dir='ltr'><strong>tre</strong></span> <span class='ocrx_word' id='word_1_59' title='bbox 355 856 436 894; x_wconf 89' lang='lat' dir='ltr'><strong>tuo</strong></span> <span class='ocrx_word' id='word_1_60' title='bbox 469 850 521 895; x_wconf 92' lang='lat' dir='ltr'><strong>P.</strong></span> <span class='ocrx_word' id='word_1_61' title='bbox 546 851 724 895; x_wconf 89' lang='lat' dir='ltr'><strong>Vinicio</strong></span> <span class='ocrx_word' id='word_1_62' title='bbox 761 851 868 896; x_wconf 87' lang='lat' dir='ltr'><strong>Cos.</strong></span> <span class='ocrx_word' id='word_1_63' title='bbox 901 852 1007 896; x_wconf 85' lang='lat' dir='ltr'><strong>Tib.</strong></span> <span class='ocrx_word' id='word_1_64' title='bbox 1042 852 1181 907; x_wconf 85' lang='lat' dir='ltr'><strong>Nero,</strong></span> <span class='ocrx_word' id='word_1_65' title='bbox 1216 867 1416 897; x_wconf 83' lang='lat' dir='ltr'><strong>reversus</strong></span> <span class='ocrx_word' id='word_1_66' title='bbox 1442 853 1635 907; x_wconf 85' lang='lat' dir='ltr'><strong>Rhodo,</strong></span> 
     </span>
    </p>
   </div>
   <div class='ocr_carea' id='block_1_8' title="bbox 196 919 1283 1050">
    <p class='ocr_par' dir='ltr' id='par_1_8' title="bbox 196 919 1283 1050">
     <span class='ocr_line' id='line_1_13' title="bbox 209 919 1283 980; baseline 0.002 -17"><span class='ocrx_word' id='word_1_67' title='bbox 209 919 510 968; x_wconf 86' lang='lat' dir='ltr'><strong>2incredibili</strong></span> <span class='ocrx_word' id='word_1_68' title='bbox 542 919 722 967; x_wconf 82' lang='lat' dir='ltr'><strong>laeticia</strong></span> <span class='ocrx_word' id='word_1_69' title='bbox 757 921 951 979; x_wconf 87' lang='lat' dir='ltr'><strong>patriam</strong></span> <span class='ocrx_word' id='word_1_70' title='bbox 984 921 1283 980; x_wconf 70' lang='lat' dir='ltr'><strong>repleverat.-</strong></span> 
     </span>
     <span class='ocr_line' id='line_1_14' title="bbox 196 988 967 1050; baseline 0 -16"><span class='ocrx_word' id='word_1_71' title='bbox 196 1044 198 1047; x_wconf 14' lang='grc' dir='ltr'><strong>Υ</strong></span> <span class='ocrx_word' id='word_1_72' title='bbox 251 995 484 1034; x_wconf 83' lang='lat' dir='ltr'><strong>cunctatus</strong></span> <span class='ocrx_word' id='word_1_73' title='bbox 520 988 689 1033; x_wconf 84' lang='lat' dir='ltr'><strong>Caesar</strong></span> <span class='ocrx_word' id='word_1_74' title='bbox 722 990 967 1050; x_wconf 65' lang='lat' dir='ltr'><strong>Augustus</strong></span> 
     </span>
    </p>
   </div>
   <div class='ocr_carea' id='block_1_9' title="bbox 1046 922 1637 1049">
    <p class='ocr_par' dir='ltr' id='par_1_9' title="bbox 1046 922 1637 1049">
     <span class='ocr_line' id='line_1_15' title="bbox 1321 922 1636 967; baseline 0 -1"><span class='ocrx_word' id='word_1_75' title='bbox 1321 922 1424 966; x_wconf 87' lang='lat' dir='ltr'><strong>Non</strong></span> <span class='ocrx_word' id='word_1_76' title='bbox 1459 929 1525 966; x_wconf 88' lang='lat' dir='ltr'><strong>est</strong></span> <span class='ocrx_word' id='word_1_77' title='bbox 1557 922 1636 967; x_wconf 88' lang='lat' dir='ltr'><strong>diu</strong></span> 
     </span>
     <span class='ocr_line' id='line_1_16' title="bbox 1046 990 1637 1049; baseline 0 -15"><span class='ocrx_word' id='word_1_78' title='bbox 1046 991 1210 1048; x_wconf 85' lang='lat' dir='ltr'><strong>Neque</strong></span> <span class='ocrx_word' id='word_1_79' title='bbox 1249 990 1368 1035; x_wconf 86' lang='lat' dir='ltr'><strong>enim</strong></span> <span class='ocrx_word' id='word_1_80' title='bbox 1415 1006 1637 1049; x_wconf 85' lang='lat' dir='ltr'><strong>quaeren-</strong></span> 
     </span>
    </p>
   </div>
   <div class='ocr_carea' id='block_1_10' title="bbox 207 1058 1637 1398">
    <p class='ocr_par' dir='ltr' id='par_1_10' title="bbox 207 1058 1637 1398">
     <span class='ocr_line' id='line_1_17' title="bbox 216 1058 1637 1119; baseline 0.002 -17"><span class='ocrx_word' id='word_1_81' title='bbox 216 1058 335 1103; x_wconf 82' lang='lat' dir='ltr'><strong>·dus</strong></span> <span class='ocrx_word' id='word_1_82' title='bbox 369 1065 488 1116; x_wconf 84' lang='lat' dir='ltr'><strong>erat,</strong></span> <span class='ocrx_word' id='word_1_83' title='bbox 523 1074 661 1116; x_wconf 89' lang='lat' dir='ltr'><strong>quem</strong></span> <span class='ocrx_word' id='word_1_84' title='bbox 696 1059 894 1119; x_wconf 86' lang='lat' dir='ltr'><strong>legeret3</strong></span> <span class='ocrx_word' id='word_1_85' title='bbox 937 1059 1019 1103; x_wconf 88' lang='lat' dir='ltr'><strong>sed</strong></span> <span class='ocrx_word' id='word_1_86' title='bbox 1063 1059 1310 1118; x_wconf 86' lang='lat' dir='ltr'><strong>legendus,</strong></span> <span class='ocrx_word' id='word_1_87' title='bbox 1354 1060 1432 1117; x_wconf 85' lang='lat' dir='ltr'><strong>qui</strong></span> <span class='ocrx_word' id='word_1_88' title='bbox 1466 1061 1637 1105; x_wconf 84' lang='lat' dir='ltr'><strong>emine-</strong></span> 
     </span>
     <span class='ocr_line' id='line_1_18' title="bbox 207 1127 1637 1188; baseline 0.003 -18"><span class='ocrx_word' id='word_1_89' title='bbox 207 1128 340 1176; x_wconf 80' lang='lat' dir='ltr'><strong>3bat.</strong></span> <span class='ocrx_word' id='word_1_90' title='bbox 385 1128 568 1186; x_wconf 87' lang='lat' dir='ltr'><strong>Itaque,</strong></span> <span class='ocrx_word' id='word_1_91' title='bbox 602 1127 728 1186; x_wconf 86' lang='lat' dir='ltr'><strong>quod</strong></span> <span class='ocrx_word' id='word_1_92' title='bbox 762 1134 867 1188; x_wconf 90' lang='lat' dir='ltr'><strong>post</strong></span> <span class='ocrx_word' id='word_1_93' title='bbox 900 1128 955 1173; x_wconf 91' lang='lat' dir='ltr'><strong>L.</strong></span> <span class='ocrx_word' id='word_1_94' title='bbox 990 1135 1205 1187; x_wconf 84' lang='lat' dir='ltr'><strong>mortem,</strong></span> <span class='ocrx_word' id='word_1_95' title='bbox 1242 1128 1397 1175; x_wconf 81' lang='lat' dir='ltr'><strong>adhuc</strong></span> <span class='ocrx_word' id='word_1_96' title='bbox 1432 1130 1484 1174; x_wconf 88' lang='lat' dir='ltr'><strong>C.</strong></span> <span class='ocrx_word' id='word_1_97' title='bbox 1518 1131 1637 1185; x_wconf 84' lang='lat' dir='ltr'><strong>vivo,</strong></span> 
     </span>
     <span class='ocr_line' id='line_1_19' title="bbox 246 1197 1637 1263; baseline 0.001 -22"><span class='ocrx_word' id='word_1_98' title='bbox 246 1197 400 1243; x_wconf 86' lang='lat' dir='ltr'><strong>facere</strong></span> <span class='ocrx_word' id='word_1_99' title='bbox 433 1197 663 1263; x_wconf 71' lang='lat' dir='ltr'><strong>voluerat,</strong></span> <span class='ocrx_word' id='word_1_100' title='bbox 701 1203 862 1256; x_wconf 88' lang='lat' dir='ltr'><strong>atque,</strong></span> <span class='ocrx_word' id='word_1_101' title='bbox 896 1197 1186 1243; x_wconf 85' lang='lat' dir='ltr'><strong>vehementer</strong></span> <span class='ocrx_word' id='word_1_102' title='bbox 1222 1206 1505 1258; x_wconf 81' lang='lat' dir='ltr'><strong>repugnante</strong></span> <span class='ocrx_word' id='word_1_103' title='bbox 1540 1201 1637 1244; x_wconf 89' lang='lat' dir='ltr'><strong>Ne—</strong></span> 
     </span>
     <span class='ocr_line' id='line_1_20' title="bbox 245 1266 1637 1326; baseline 0.001 -16"><span class='ocrx_word' id='word_1_104' title='bbox 245 1281 386 1322; x_wconf 85' lang='lat' dir='ltr'><strong>rone,</strong></span> <span class='ocrx_word' id='word_1_105' title='bbox 434 1272 529 1311; x_wconf 92' lang='lat' dir='ltr'><strong>erat</strong></span> <span class='ocrx_word' id='word_1_106' title='bbox 577 1266 813 1321; x_wconf 88' lang='lat' dir='ltr'><strong>inhibitus,</strong></span> <span class='ocrx_word' id='word_1_107' title='bbox 857 1273 962 1325; x_wconf 87' lang='lat' dir='ltr'><strong>post</strong></span> <span class='ocrx_word' id='word_1_108' title='bbox 1007 1267 1235 1326; x_wconf 90' lang='lat' dir='ltr'><strong>utriusque</strong></span> <span class='ocrx_word' id='word_1_109' title='bbox 1283 1268 1637 1313; x_wconf 87' lang='lat' dir='ltr'><strong>adulescentium</strong></span> 
     </span>
     <span class='ocr_line' id='line_1_21' title="bbox 247 1335 1635 1398; baseline 0.002 -18"><span class='ocrx_word' id='word_1_110' title='bbox 247 1337 424 1380; x_wconf 88' lang='lat' dir='ltr'><strong>obitum</strong></span> <span class='ocrx_word' id='word_1_111' title='bbox 467 1335 623 1381; x_wconf 85' lang='lat' dir='ltr'><strong>facere</strong></span> <span class='ocrx_word' id='word_1_112' title='bbox 666 1336 993 1396; x_wconf 85' lang='lat' dir='ltr'><strong>perseveravit,</strong></span> <span class='ocrx_word' id='word_1_113' title='bbox 1038 1342 1089 1380; x_wconf 91' lang='lat' dir='ltr'><strong>ut</strong></span> <span class='ocrx_word' id='word_1_114' title='bbox 1123 1343 1168 1381; x_wconf 90' lang='lat' dir='ltr'><strong>et</strong></span> <span class='ocrx_word' id='word_1_115' title='bbox 1211 1337 1465 1382; x_wconf 81' lang='lat' dir='ltr'><strong>tribunitiae</strong></span> <span class='ocrx_word' id='word_1_116' title='bbox 1499 1345 1635 1398; x_wconf 87' lang='lat' dir='ltr'><strong>pote—</strong></span> 
     </span>
    </p>
   </div>
   <div class='ocr_carea' id='block_1_11' title="bbox 243 1479 911 2782">
    <p class='ocr_par' dir='ltr' id='par_1_11' title="bbox 243 1479 911 1889">
     <span class='ocr_line' id='line_1_22' title="bbox 291 1479 911 1525; baseline -0.002 -10"><span class='ocrx_word' id='word_1_117' title='bbox 291 1483 327 1525; x_wconf 83' lang='lat'><strong>§.</strong></span> <span class='ocrx_word' id='word_1_118' title='bbox 361 1479 395 1515; x_wconf 85' lang='lat'><strong>4.</strong></span> <span class='ocrx_word' id='word_1_119' title='bbox 433 1480 571 1515; x_wconf 71' lang='lat' dir='ltr'><strong>Deinde</strong></span> <span class='ocrx_word' id='word_1_120' title='bbox 598 1482 802 1515; x_wconf 74' lang='lat' dir='ltr'><strong>reluctatus.</strong></span> <span class='ocrx_word' id='word_1_121' title='bbox 837 1481 911 1515; x_wconf 85' lang='lat' dir='ltr'>Ex·-</span> 
     </span>
     <span class='ocr_line' id='line_1_23' title="bbox 247 1527 910 1572; baseline -0.003 -9"><span class='ocrx_word' id='word_1_122' title='bbox 247 1529 356 1572; x_wconf 77' lang='lat' dir='ltr'><strong>empl.</strong></span> <span class='ocrx_word' id='word_1_123' title='bbox 382 1531 449 1561; x_wconf 88' lang='lat' dir='ltr'><strong>vet.</strong></span> <span class='ocrx_word' id='word_1_124' title='bbox 473 1528 525 1561; x_wconf 84' lang='lat' dir='ltr'><strong>sic</strong></span> <span class='ocrx_word' id='word_1_125' title='bbox 548 1528 679 1569; x_wconf 86' lang='lat' dir='ltr'><strong>habet,</strong></span> <span class='ocrx_word' id='word_1_126' title='bbox 702 1533 740 1562; x_wconf 87' lang='lat' dir='ltr'><strong>ut</strong></span> <span class='ocrx_word' id='word_1_127' title='bbox 763 1527 910 1570; x_wconf 86' lang='lat' dir='ltr'><strong>nescias,</strong></span> 
     </span>
     <span class='ocr_line' id='line_1_24' title="bbox 245 1573 910 1618; baseline -0.003 -9"><span class='ocrx_word' id='word_1_128' title='bbox 245 1586 291 1610; x_wconf 77' lang='lat' dir='ltr'><strong>an</strong></span> <span class='ocrx_word' id='word_1_129' title='bbox 315 1575 378 1608; x_wconf 83' lang='lat' dir='ltr'><strong>diu</strong></span> <span class='ocrx_word' id='word_1_130' title='bbox 399 1575 616 1617; x_wconf 78' lang='lat' dir='ltr'><strong>reluctatus,</strong></span> <span class='ocrx_word' id='word_1_131' title='bbox 640 1586 702 1608; x_wconf 90' lang='lat' dir='ltr'><strong>seu</strong></span> <span class='ocrx_word' id='word_1_132' title='bbox 725 1573 842 1618; x_wconf 83' lang='lat' dir='ltr'><strong>potius</strong></span> <span class='ocrx_word' id='word_1_133' title='bbox 865 1575 910 1607; x_wconf 85' lang='lat' dir='ltr'><strong>de</strong></span> 
     </span>
     <span class='ocr_line' id='line_1_25' title="bbox 244 1620 908 1665; baseline 0 -10"><span class='ocrx_word' id='word_1_134' title='bbox 244 1622 363 1656; x_wconf 79' lang='lat' dir='ltr'><strong>reditu</strong></span> <span class='ocrx_word' id='word_1_135' title='bbox 405 1622 580 1662; x_wconf 83' lang='lat' dir='ltr'><strong>luctatus,</strong></span> <span class='ocrx_word' id='word_1_136' title='bbox 629 1621 818 1665; x_wconf 83' lang='lat' dir='ltr'><strong>legendum</strong></span> <span class='ocrx_word' id='word_1_137' title='bbox 853 1620 908 1655; x_wconf 83' lang='lat' dir='ltr'><strong>sit.</strong></span> 
     </span>
     <span class='ocr_line' id='line_1_26' title="bbox 245 1667 909 1711; baseline -0.003 -9"><span class='ocrx_word' id='word_1_138' title='bbox 245 1667 341 1702; x_wconf 86' lang='lat' dir='ltr'><strong>Mihi</strong></span> <span class='ocrx_word' id='word_1_139' title='bbox 362 1671 479 1702; x_wconf 82' lang='lat' dir='ltr'><strong>tamen</strong></span> <span class='ocrx_word' id='word_1_140' title='bbox 499 1667 598 1711; x_wconf 88' lang='lat' dir='ltr'><strong>prior</strong></span> <span class='ocrx_word' id='word_1_141' title='bbox 622 1667 730 1701; x_wconf 88' lang='lat' dir='ltr'><strong>lectio</strong></span> <span class='ocrx_word' id='word_1_142' title='bbox 755 1679 825 1700; x_wconf 89' lang='lat' dir='ltr'><strong>non</strong></span> <span class='ocrx_word' id='word_1_143' title='bbox 850 1678 909 1701; x_wconf 88' lang='lat' dir='ltr'><strong>us-</strong></span> 
     </span>
     <span class='ocr_line' id='line_1_27' title="bbox 245 1713 907 1758; baseline -0.003 -10"><span class='ocrx_word' id='word_1_144' title='bbox 245 1725 455 1758; x_wconf 83' lang='lat' dir='ltr'><strong>quequaque</strong></span> <span class='ocrx_word' id='word_1_145' title='bbox 475 1713 643 1757; x_wconf 78' lang='lat' dir='ltr'><strong>displicet.</strong></span> <span class='ocrx_word' id='word_1_146' title='bbox 655 1715 799 1748; x_wconf 69' lang='lat' dir='ltr'><strong>Beana.</strong></span> <span class='ocrx_word' id='word_1_147' title='bbox 811 1714 907 1747; x_wconf 77' lang='lat' dir='ltr'><strong>Rhe-</strong></span> 
     </span>
     <span class='ocr_line' id='line_1_28' title="bbox 245 1760 908 1803; baseline 0 -8"><span class='ocrx_word' id='word_1_148' title='bbox 245 1761 330 1795; x_wconf 85' lang='lat' dir='ltr'><strong>nani</strong></span> <span class='ocrx_word' id='word_1_149' title='bbox 357 1760 544 1794; x_wconf 86' lang='lat' dir='ltr'><strong>lectionem</strong></span> <span class='ocrx_word' id='word_1_150' title='bbox 568 1761 728 1802; x_wconf 77' lang='lat' dir='ltr'><strong>servavi,</strong></span> <span class='ocrx_word' id='word_1_151' title='bbox 747 1760 908 1803; x_wconf 79' lang='lat' dir='ltr'><strong>quamvis</strong></span> 
     </span>
     <span class='ocr_line' id='line_1_29' title="bbox 245 1807 907 1851; baseline 0.002 -11"><span class='ocrx_word' id='word_1_152' title='bbox 245 1807 422 1840; x_wconf 75' lang='lat' dir='ltr'><strong>Veileium</strong></span> <span class='ocrx_word' id='word_1_153' title='bbox 458 1807 636 1849; x_wconf 76' lang='lat' dir='ltr'><strong>scripsisse</strong></span> <span class='ocrx_word' id='word_1_154' title='bbox 667 1811 810 1851; x_wconf 80' lang='lat' dir='ltr'><strong>putem:</strong></span> <span class='ocrx_word' id='word_1_155' title='bbox 835 1807 907 1841; x_wconf 74' lang='lat' dir='ltr'><strong>Diu</strong></span> 
     </span>
     <span class='ocr_line' id='line_1_30' title="bbox 243 1854 596 1889; baseline -0.003 0"><span class='ocrx_word' id='word_1_156' title='bbox 243 1854 371 1889; x_wconf 76' lang='lat' dir='ltr'><strong>deinde</strong></span> <span class='ocrx_word' id='word_1_157' title='bbox 393 1854 596 1888; x_wconf 80' lang='lat' dir='ltr'><strong>reluctatus,</strong></span> 
     </span>
    </p>

    <p class='ocr_par' dir='ltr' id='par_1_12' title="bbox 244 1898 906 2028">
     <span class='ocr_line' id='line_1_31' title="bbox 292 1898 905 1943; baseline 0 -10"><span class='ocrx_word' id='word_1_158' title='bbox 292 1902 329 1934; x_wconf 79' lang='lat' dir='ltr'><strong>in</strong></span> <span class='ocrx_word' id='word_1_159' title='bbox 353 1901 436 1934; x_wconf 81' lang='lat' dir='ltr'><strong>urbe</strong></span> <span class='ocrx_word' id='word_1_160' title='bbox 460 1899 600 1943; x_wconf 79' lang='lat' dir='ltr'><strong>Lyciae.</strong></span> <span class='ocrx_word' id='word_1_161' title='bbox 634 1898 724 1932; x_wconf 83' lang='lat' dir='ltr'><strong>Vide</strong></span> <span class='ocrx_word' id='word_1_162' title='bbox 745 1898 905 1942; x_wconf 85' lang='lat' dir='ltr'><strong>Lipsium</strong></span> 
     </span>
     <span class='ocr_line' id='line_1_32' title="bbox 244 1946 906 1982; baseline -0.005 0"><span class='ocrx_word' id='word_1_163' title='bbox 244 1946 291 1982; x_wconf 75' lang='lat' dir='ltr'><strong>ad</strong></span> <span class='ocrx_word' id='word_1_164' title='bbox 332 1947 370 1980; x_wconf 85' lang='lat' dir='ltr'><strong>h.</strong></span> <span class='ocrx_word' id='word_1_165' title='bbox 406 1946 431 1980; x_wconf 84' lang='lat'><strong>1.</strong></span> <span class='ocrx_word' id='word_1_166' title='bbox 466 1950 501 1980; x_wconf 86' lang='lat' dir='ltr'><strong>et</strong></span> <span class='ocrx_word' id='word_1_167' title='bbox 533 1946 578 1980; x_wconf 86' lang='lat' dir='ltr'><strong>ad</strong></span> <span class='ocrx_word' id='word_1_168' title='bbox 609 1946 723 1980; x_wconf 85' lang='lat' dir='ltr'><strong>Tacit.</strong></span> <span class='ocrx_word' id='word_1_169' title='bbox 755 1947 843 1979; x_wconf 87' lang='lat' dir='ltr'><strong>Anu.</strong></span> <span class='ocrx_word' id='word_1_170' title='bbox 879 1946 906 1979; x_wconf 87' lang='lat'><strong>1.</strong></span> 
     </span>
     <span class='ocr_line' id='line_1_33' title="bbox 244 1992 904 2028; baseline -0.003 0"><span class='ocrx_word' id='word_1_171' title='bbox 244 1994 279 2028; x_wconf 82' lang='lat'><strong>3.</strong></span> <span class='ocrx_word' id='word_1_172' title='bbox 322 1998 358 2026; x_wconf 91' lang='lat' dir='ltr'><strong>et</strong></span> <span class='ocrx_word' id='word_1_173' title='bbox 390 1992 574 2026; x_wconf 81' lang='lat' dir='ltr'><strong>Dukerum</strong></span> <span class='ocrx_word' id='word_1_174' title='bbox 614 1993 659 2027; x_wconf 86' lang='lat' dir='ltr'><strong>ad</strong></span> <span class='ocrx_word' id='word_1_175' title='bbox 699 1992 904 2027; x_wconf 78' lang='lat' dir='ltr'><strong>F101.1v.</strong></span> 
     </span>
    </p>

    <p class='ocr_par' dir='ltr' id='par_1_13' title="bbox 244 2084 907 2643">
     <span class='ocr_line' id='line_1_34' title="bbox 292 2084 906 2129; baseline -0.003 -9"><span class='ocrx_word' id='word_1_176' title='bbox 292 2086 472 2129; x_wconf 78' lang='lat' dir='ltr'><strong>Limyram</strong></span> <span class='ocrx_word' id='word_1_177' title='bbox 513 2084 704 2119; x_wconf 74' lang='lat' dir='ltr'><strong>nominant.</strong></span> <span class='ocrx_word' id='word_1_178' title='bbox 747 2085 906 2128; x_wconf 86' lang='lat' dir='ltr'><strong>Exempl.</strong></span> 
     </span>
     <span class='ocr_line' id='line_1_35' title="bbox 244 2127 907 2174; baseline -0.002 -7"><span class='ocrx_word' id='word_1_179' title='bbox 244 2136 345 2167; x_wconf 79' lang='lat' dir='ltr'><strong>vetus</strong></span> <span class='ocrx_word' id='word_1_180' title='bbox 380 2133 507 2166; x_wconf 83' lang='lat' dir='ltr'><strong>habet:</strong></span> <span class='ocrx_word' id='word_1_181' title='bbox 542 2127 687 2174; x_wconf 65' lang='lat' dir='ltr'><strong>Itgsmira</strong></span> <span class='ocrx_word' id='word_1_182' title='bbox 726 2132 907 2166; x_wconf 77' lang='lat' dir='ltr'><strong>nominant</strong></span> 
     </span>
     <span class='ocr_line' id='line_1_36' title="bbox 245 2178 906 2222; baseline -0.003 -9"><span class='ocrx_word' id='word_1_183' title='bbox 245 2184 312 2213; x_wconf 86' lang='lat' dir='ltr'><strong>etc.</strong></span> <span class='ocrx_word' id='word_1_184' title='bbox 331 2180 471 2212; x_wconf 72' lang='lat' dir='ltr'><strong>Bonna.</strong></span> <span class='ocrx_word' id='word_1_185' title='bbox 490 2178 623 2222; x_wconf 83' lang='lat' dir='ltr'><strong>Recepi</strong></span> <span class='ocrx_word' id='word_1_186' title='bbox 644 2179 799 2221; x_wconf 75' lang='lat' dir='ltr'><strong>Limyra,</strong></span> <span class='ocrx_word' id='word_1_187' title='bbox 825 2190 906 2212; x_wconf 86' lang='lat' dir='ltr'><strong>cum</strong></span> 
     </span>
     <span class='ocr_line' id='line_1_37' title="bbox 244 2225 907 2265; baseline 0 -6"><span class='ocrx_word' id='word_1_188' title='bbox 244 2225 374 2259; x_wconf 82' lang='lat' dir='ltr'><strong>veteris</strong></span> <span class='ocrx_word' id='word_1_189' title='bbox 411 2225 571 2265; x_wconf 86' lang='lat' dir='ltr'><strong>Codicis,</strong></span> <span class='ocrx_word' id='word_1_190' title='bbox 612 2229 687 2258; x_wconf 89' lang='lat' dir='ltr'><strong>tum</strong></span> <span class='ocrx_word' id='word_1_191' title='bbox 722 2225 907 2259; x_wconf 83' lang='lat' dir='ltr'><strong>Strabonis</strong></span> 
     </span>
     <span class='ocr_line' id='line_1_38' title="bbox 244 2271 905 2315; baseline -0.005 -8"><span class='ocrx_word' id='word_1_192' title='bbox 244 2284 313 2307; x_wconf 81' lang='lat' dir='ltr'><strong>au«</strong></span> <span class='ocrx_word' id='word_1_193' title='bbox 314 2272 492 2307; x_wconf 80' lang='lat' dir='ltr'><strong>toritatem</strong></span> <span class='ocrx_word' id='word_1_194' title='bbox 523 2275 674 2313; x_wconf 78' lang='lat' dir='ltr'><strong>secutus,</strong></span> <span class='ocrx_word' id='word_1_195' title='bbox 696 2271 788 2305; x_wconf 78' lang='lat' dir='ltr'><strong>xw.</strong></span> <span class='ocrx_word' id='word_1_196' title='bbox 821 2282 905 2315; x_wconf 82' lang='lat' dir='ltr'><strong>pag.</strong></span> 
     </span>
     <span class='ocr_line' id='line_1_39' title="bbox 247 2314 906 2371; baseline 0.002 -19"><span class='ocrx_word' id='word_1_197' title='bbox 247 2318 329 2352; x_wconf 72' lang='lat'><strong>981.</strong></span> <span class='ocrx_word' id='word_1_198' title='bbox 371 2314 452 2353; x_wconf 74' lang='grc' dir='ltr'><strong><em>εἶθ’</em></strong></span> <span class='ocrx_word' id='word_1_199' title='bbox 476 2314 500 2362; x_wconf 83' lang='grc' dir='ltr'><em>ἡ</em></span> <span class='ocrx_word' id='word_1_200' title='bbox 525 2315 670 2371; x_wconf 80' lang='grc' dir='ltr'><strong><em>ἐκβολη</em></strong></span> <span class='ocrx_word' id='word_1_201' title='bbox 693 2319 764 2352; x_wconf 79' lang='grc' dir='ltr'><strong>τοῦ</strong></span> <span class='ocrx_word' id='word_1_202' title='bbox 786 2317 906 2362; x_wconf 64' lang='lat' dir='ltr'><strong>Armi-</strong></span> 
     </span>
     <span class='ocr_line' id='line_1_40' title="bbox 245 2362 906 2411; baseline 0 -12"><span class='ocrx_word' id='word_1_203' title='bbox 245 2378 317 2410; x_wconf 77' lang='grc' dir='ltr'><strong>ρον</strong></span> <span class='ocrx_word' id='word_1_204' title='bbox 341 2365 536 2408; x_wconf 76' lang='grc' dir='ltr'><em>ποταμοῦ,</em></span> <span class='ocrx_word' id='word_1_205' title='bbox 560 2365 622 2400; x_wconf 77' lang='grc' dir='ltr'><strong>καὶ</strong></span> <span class='ocrx_word' id='word_1_206' title='bbox 648 2362 796 2399; x_wconf 74' lang='grc' dir='ltr'>ἀνιόντι</span> <span class='ocrx_word' id='word_1_207' title='bbox 812 2365 906 2411; x_wconf 77' lang='grc' dir='ltr'><strong>ιεζῆ</strong></span> 
     </span>
     <span class='ocr_line' id='line_1_41' title="bbox 245 2410 904 2455; baseline -0.002 -8"><span class='ocrx_word' id='word_1_208' title='bbox 245 2412 427 2452; x_wconf 83' lang='grc' dir='ltr'><strong><em>σταδίους</em></strong></span> <span class='ocrx_word' id='word_1_209' title='bbox 451 2411 567 2446; x_wconf 81' lang='grc' dir='ltr'>εἰκοσι</span> <span class='ocrx_word' id='word_1_210' title='bbox 589 2410 636 2446; x_wconf 82' lang='grc' dir='ltr'><strong>τοὶ</strong></span> <span class='ocrx_word' id='word_1_211' title='bbox 658 2413 808 2455; x_wconf 86' lang='grc' dir='ltr'><em>Λίμυρα</em></span> <span class='ocrx_word' id='word_1_212' title='bbox 831 2424 904 2446; x_wconf 85' lang='grc' dir='ltr'><strong>πο-</strong></span> 
     </span>
     <span class='ocr_line' id='line_1_42' title="bbox 245 2459 902 2503; baseline -0.002 -10"><span class='ocrx_word' id='word_1_213' title='bbox 245 2460 360 2503; x_wconf 83' lang='grc' dir='ltr'><strong><em>λίχνη.</em></strong></span> <span class='ocrx_word' id='word_1_214' title='bbox 409 2459 507 2492; x_wconf 84' lang='lat' dir='ltr'><strong>Alios</strong></span> <span class='ocrx_word' id='word_1_215' title='bbox 543 2464 661 2493; x_wconf 81' lang='lat' dir='ltr'><strong>tamen</strong></span> <span class='ocrx_word' id='word_1_216' title='bbox 684 2459 754 2492; x_wconf 88' lang='lat' dir='ltr'><strong>hoc</strong></span> <span class='ocrx_word' id='word_1_217' title='bbox 776 2470 902 2492; x_wconf 89' lang='lat' dir='ltr'><strong>nomen</strong></span> 
     </span>
     <span class='ocr_line' id='line_1_43' title="bbox 244 2500 907 2547; baseline 0 -9"><span class='ocrx_word' id='word_1_218' title='bbox 244 2505 414 2541; x_wconf 79' lang='lat' dir='ltr'><strong>feminina</strong></span> <span class='ocrx_word' id='word_1_219' title='bbox 436 2505 553 2539; x_wconf 82' lang='lat' dir='ltr'><strong>forma</strong></span> <span class='ocrx_word' id='word_1_220' title='bbox 577 2500 762 2547; x_wconf 74' lang='lat' dir='ltr'><strong>extulisse,</strong></span> <span class='ocrx_word' id='word_1_221' title='bbox 793 2508 907 2538; x_wconf 85' lang='lat' dir='ltr'><strong>osten-</strong></span> 
     </span>
     <span class='ocr_line' id='line_1_44' title="bbox 247 2551 907 2597; baseline 0 -12"><span class='ocrx_word' id='word_1_222' title='bbox 247 2552 299 2586; x_wconf 87' lang='lat' dir='ltr'><strong>dit</strong></span> <span class='ocrx_word' id='word_1_223' title='bbox 323 2551 534 2596; x_wconf 82' lang='lat' dir='ltr'><strong>wesseling.</strong></span> <span class='ocrx_word' id='word_1_224' title='bbox 560 2552 605 2586; x_wconf 83' lang='lat' dir='ltr'><strong>ad</strong></span> <span class='ocrx_word' id='word_1_225' title='bbox 627 2551 785 2588; x_wconf 79' lang='lat' dir='ltr'><strong>Ilierocl.</strong></span> <span class='ocrx_word' id='word_1_226' title='bbox 810 2551 907 2597; x_wconf 80' lang='lat' dir='ltr'><strong>Syn-</strong></span> 
     </span>
     <span class='ocr_line' id='line_1_45' title="bbox 245 2598 535 2643; baseline 0 -11"><span class='ocrx_word' id='word_1_227' title='bbox 245 2599 322 2632; x_wconf 86' lang='lat' dir='ltr'><strong>ecd.</strong></span> <span class='ocrx_word' id='word_1_228' title='bbox 347 2609 430 2643; x_wconf 84' lang='lat' dir='ltr'><strong>pag.</strong></span> <span class='ocrx_word' id='word_1_229' title='bbox 453 2598 535 2632; x_wconf 77' lang='lat'><strong>683.</strong></span> 
     </span>
    </p>

    <p class='ocr_par' dir='ltr' id='par_1_14' title="bbox 245 2644 905 2782">
     <span class='ocr_line' id='line_1_46' title="bbox 291 2644 904 2689; baseline 0.002 -12"><span class='ocrx_word' id='word_1_230' title='bbox 291 2657 397 2689; x_wconf 83' lang='lat' dir='ltr'><strong>quum</strong></span> <span class='ocrx_word' id='word_1_231' title='bbox 430 2650 513 2679; x_wconf 83' lang='lat' dir='ltr'><strong>ante</strong></span> <span class='ocrx_word' id='word_1_232' title='bbox 544 2655 675 2678; x_wconf 82' lang='lat' dir='ltr'><strong>annum</strong></span> <span class='ocrx_word' id='word_1_233' title='bbox 711 2646 828 2687; x_wconf 81' lang='lat' dir='ltr'><strong>ferme</strong></span> <span class='ocrx_word' id='word_1_234' title='bbox 861 2644 904 2678; x_wconf 82' lang='lat' dir='ltr'><strong>L.</strong></span> 
     </span>
     <span class='ocr_line' id='line_1_47' title="bbox 249 2691 905 2725; baseline 0 -1"><span class='ocrx_word' id='word_1_235' title='bbox 249 2691 388 2724; x_wconf 80' lang='lat' dir='ltr'><strong>Cacsar.</strong></span> <span class='ocrx_word' id='word_1_236' title='bbox 416 2691 478 2724; x_wconf 79' lang='lat' dir='ltr'><strong>Sic</strong></span> <span class='ocrx_word' id='word_1_237' title='bbox 504 2691 628 2725; x_wconf 83' lang='lat' dir='ltr'><strong>Editor</strong></span> <span class='ocrx_word' id='word_1_238' title='bbox 651 2691 761 2725; x_wconf 82' lang='lat' dir='ltr'><strong>Basil.</strong></span> <span class='ocrx_word' id='word_1_239' title='bbox 784 2691 905 2725; x_wconf 90' lang='lat' dir='ltr'><strong>locum</strong></span> 
     </span>
     <span class='ocr_line' id='line_1_48' title="bbox 245 2737 904 2782; baseline 0.002 -11"><span class='ocrx_word' id='word_1_240' title='bbox 245 2738 477 2782; x_wconf 79' lang='lat' dir='ltr'><strong>depravatum</strong></span> <span class='ocrx_word' id='word_1_241' title='bbox 497 2737 663 2774; x_wconf 83' lang='lat' dir='ltr'><strong>restituit.</strong></span> <span class='ocrx_word' id='word_1_242' title='bbox 694 2737 802 2772; x_wconf 82' lang='lat' dir='ltr'><strong>Cuius</strong></span> <span class='ocrx_word' id='word_1_243' title='bbox 826 2749 904 2773; x_wconf 83' lang='lat' dir='ltr'><strong>cor-</strong></span> 
     </span>
    </p>
   </div>
   <div class='ocr_carea' id='block_1_12' title="bbox 971 1479 1637 1898">
    <p class='ocr_par' dir='ltr' id='par_1_15' title="bbox 971 1479 1637 1898">
     <span class='ocr_line' id='line_1_49' title="bbox 977 1479 1637 1525; baseline 0.002 -10"><span class='ocrx_word' id='word_1_244' title='bbox 977 1480 1167 1515; x_wconf 84' lang='lat' dir='ltr'><strong>rectionem</strong></span> <span class='ocrx_word' id='word_1_245' title='bbox 1190 1479 1315 1514; x_wconf 85' lang='lat' dir='ltr'><strong>deinde</strong></span> <span class='ocrx_word' id='word_1_246' title='bbox 1345 1480 1454 1515; x_wconf 85' lang='lat' dir='ltr'><strong>Aldus</strong></span> <span class='ocrx_word' id='word_1_247' title='bbox 1477 1481 1566 1525; x_wconf 86' lang='lat' dir='ltr'><strong>Nep.</strong></span> <span class='ocrx_word' id='word_1_248' title='bbox 1590 1483 1637 1516; x_wconf 83' lang='lat' dir='ltr'><strong>ad</strong></span> 
     </span>
     <span class='ocr_line' id='line_1_50' title="bbox 977 1527 1634 1564; baseline 0.005 -3"><span class='ocrx_word' id='word_1_249' title='bbox 977 1527 1014 1561; x_wconf 88' lang='lat' dir='ltr'><strong>h.</strong></span> <span class='ocrx_word' id='word_1_250' title='bbox 1040 1527 1063 1561; x_wconf 91' lang='lat'><strong>1.</strong></span> <span class='ocrx_word' id='word_1_251' title='bbox 1097 1530 1132 1561; x_wconf 89' lang='lat' dir='ltr'><strong>et</strong></span> <span class='ocrx_word' id='word_1_252' title='bbox 1167 1527 1332 1561; x_wconf 80' lang='lat' dir='ltr'><strong>Petavius</strong></span> <span class='ocrx_word' id='word_1_253' title='bbox 1363 1528 1406 1560; x_wconf 86' lang='lat' dir='ltr'><strong>de</strong></span> <span class='ocrx_word' id='word_1_254' title='bbox 1436 1528 1480 1560; x_wconf 93' lang='lat' dir='ltr'><strong>D.</strong></span> <span class='ocrx_word' id='word_1_255' title='bbox 1505 1529 1548 1561; x_wconf 77' lang='lat' dir='ltr'><strong>T.</strong></span> <span class='ocrx_word' id='word_1_256' title='bbox 1573 1529 1634 1564; x_wconf 81' lang='lat' dir='ltr'><strong>xl.</strong></span> 
     </span>
     <span class='ocr_line' id='line_1_51' title="bbox 976 1573 1634 1618; baseline 0.003 -10"><span class='ocrx_word' id='word_1_257' title='bbox 976 1573 1012 1608; x_wconf 81' lang='lat'><strong>3.</strong></span> <span class='ocrx_word' id='word_1_258' title='bbox 1038 1585 1100 1618; x_wconf 88' lang='lat' dir='ltr'><strong>pro</strong></span> <span class='ocrx_word' id='word_1_259' title='bbox 1124 1584 1189 1608; x_wconf 84' lang='lat' dir='ltr'><strong>sua</strong></span> <span class='ocrx_word' id='word_1_260' title='bbox 1212 1574 1443 1607; x_wconf 73' lang='lat' dir='ltr'><strong>venditarunt.</strong></span> <span class='ocrx_word' id='word_1_261' title='bbox 1467 1575 1561 1609; x_wconf 81' lang='lat' dir='ltr'><strong>Edit.</strong></span> <span class='ocrx_word' id='word_1_262' title='bbox 1581 1587 1634 1618; x_wconf 85' lang='lat' dir='ltr'><strong>pr.</strong></span> 
     </span>
     <span class='ocr_line' id='line_1_52' title="bbox 976 1622 1636 1665; baseline 0.002 -11"><span class='ocrx_word' id='word_1_263' title='bbox 976 1632 1077 1665; x_wconf 81' lang='lat' dir='ltr'><strong>quom</strong></span> <span class='ocrx_word' id='word_1_264' title='bbox 1109 1626 1193 1654; x_wconf 74' lang='lat' dir='ltr'><strong>aute</strong></span> <span class='ocrx_word' id='word_1_265' title='bbox 1225 1632 1355 1654; x_wconf 82' lang='lat' dir='ltr'><strong>annum</strong></span> <span class='ocrx_word' id='word_1_266' title='bbox 1382 1624 1500 1665; x_wconf 84' lang='lat' dir='ltr'><strong>ferme</strong></span> <span class='ocrx_word' id='word_1_267' title='bbox 1535 1622 1636 1665; x_wconf 74' lang='lat' dir='ltr'><strong>qnin-</strong></span> 
     </span>
     <span class='ocr_line' id='line_1_53' title="bbox 975 1668 1636 1758; baseline 0.003 -12"><span class='ocrx_word' id='word_1_268' title='bbox 975 1668 1378 1748; x_wconf 51' lang='grc' dir='ltr'><strong>ἶῖἕὲἷῗέἴῧεξῖῗεῗέ</strong></span> <span class='ocrx_word' id='word_1_269' title='bbox 1402 1673 1470 1755; x_wconf 67' lang='grc' dir='ltr'><strong>ἰέἶζ</strong></span> <span class='ocrx_word' id='word_1_270' title='bbox 1494 1668 1636 1758; x_wconf 61' lang='grc' dir='ltr'><strong>ἵῖἑι-ἆὲζ</strong></span> 
     </span>
     <span class='ocr_line' id='line_1_54' title="bbox 974 1759 1633 1803; baseline 0 -9"><span class='ocrx_word' id='word_1_271' title='bbox 974 1759 1131 1794; x_wconf 85' lang='lat' dir='ltr'><strong>redicule</strong></span> <span class='ocrx_word' id='word_1_272' title='bbox 1160 1771 1227 1803; x_wconf 84' lang='lat' dir='ltr'><strong>pro</strong></span> <span class='ocrx_word' id='word_1_273' title='bbox 1259 1765 1343 1795; x_wconf 86' lang='lat' dir='ltr'><strong>nota</strong></span> <span class='ocrx_word' id='word_1_274' title='bbox 1377 1760 1552 1794; x_wconf 79' lang='lat' dir='ltr'><strong>numerali</strong></span> <span class='ocrx_word' id='word_1_275' title='bbox 1571 1772 1633 1794; x_wconf 77' lang='lat' dir='ltr'><strong>ac-</strong></span> 
     </span>
     <span class='ocr_line' id='line_1_55' title="bbox 974 1806 1633 1850; baseline 0.005 -11"><span class='ocrx_word' id='word_1_276' title='bbox 974 1806 1077 1850; x_wconf 88' lang='lat' dir='ltr'><strong>cepit.</strong></span> <span class='ocrx_word' id='word_1_277' title='bbox 1102 1806 1189 1840; x_wconf 86' lang='lat' dir='ltr'><strong>Vide</strong></span> <span class='ocrx_word' id='word_1_278' title='bbox 1211 1806 1326 1841; x_wconf 79' lang='lat' dir='ltr'><strong>Notis.</strong></span> <span class='ocrx_word' id='word_1_279' title='bbox 1352 1807 1397 1841; x_wconf 83' lang='lat' dir='ltr'><strong>ad</strong></span> <span class='ocrx_word' id='word_1_280' title='bbox 1422 1807 1540 1842; x_wconf 84' lang='lat' dir='ltr'><strong>Cenot.</strong></span> <span class='ocrx_word' id='word_1_281' title='bbox 1562 1807 1633 1842; x_wconf 74' lang='lat' dir='ltr'><strong>Pis.</strong></span> 
     </span>
     <span class='ocr_line' id='line_1_56' title="bbox 971 1852 1438 1898; baseline 0 -11"><span class='ocrx_word' id='word_1_282' title='bbox 971 1853 1068 1892; x_wconf 83' lang='lat' dir='ltr'><strong>Diss.</strong></span> <span class='ocrx_word' id='word_1_283' title='bbox 1092 1853 1136 1887; x_wconf 90' lang='lat'><strong>11.</strong></span> <span class='ocrx_word' id='word_1_284' title='bbox 1165 1853 1222 1888; x_wconf 82' lang='lat'><strong>16.</strong></span> <span class='ocrx_word' id='word_1_285' title='bbox 1247 1864 1331 1898; x_wconf 79' lang='lat' dir='ltr'><strong>pag.</strong></span> <span class='ocrx_word' id='word_1_286' title='bbox 1355 1852 1438 1889; x_wconf 77' lang='lat'><strong>349.</strong></span> 
     </span>
    </p>
   </div>
   <div class='ocr_carea' id='block_1_13' title="bbox 972 1922 1630 2049">
    <p class='ocr_par' dir='ltr' id='par_1_16' title="bbox 972 1922 1630 2049">
     <span class='ocr_line' id='line_1_57' title="bbox 1021 1922 1630 1966; baseline 0 -11"><span class='ocrx_word' id='word_1_287' title='bbox 1021 1922 1183 1956; x_wconf 77' lang='lat' dir='ltr'><strong>Massilia</strong></span> <span class='ocrx_word' id='word_1_288' title='bbox 1218 1923 1426 1957; x_wconf 73' lang='lat' dir='ltr'><strong>decessisset.</strong></span> <span class='ocrx_word' id='word_1_289' title='bbox 1470 1922 1630 1966; x_wconf 83' lang='lat' dir='ltr'><strong>Exempl.</strong></span> 
     </span>
     <span class='ocr_line' id='line_1_58' title="bbox 972 1969 1628 2004; baseline 0.002 -2"><span class='ocrx_word' id='word_1_290' title='bbox 972 1973 1042 2002; x_wconf 88' lang='lat' dir='ltr'><strong>vet.</strong></span> <span class='ocrx_word' id='word_1_291' title='bbox 1066 1969 1192 2003; x_wconf 84' lang='lat' dir='ltr'><strong>habet:</strong></span> <span class='ocrx_word' id='word_1_292' title='bbox 1221 1969 1403 2003; x_wconf 76' lang='lat' dir='ltr'><strong>Massiliae</strong></span> <span class='ocrx_word' id='word_1_293' title='bbox 1420 1969 1628 2004; x_wconf 80' lang='lat' dir='ltr'><strong>decessisset.</strong></span> 
     </span>
     <span class='ocr_line' id='line_1_59' title="bbox 973 2015 1117 2049; baseline -0.008 0"><span class='ocrx_word' id='word_1_294' title='bbox 973 2015 1117 2049; x_wconf 74' lang='lat' dir='ltr'><strong>Bunssn.</strong></span> 
     </span>
    </p>
   </div>
   <div class='ocr_carea' id='block_1_14' title="bbox 1019 2072 1632 2118">
    <p class='ocr_par' dir='ltr' id='par_1_17' title="bbox 1019 2072 1632 2118">
     <span class='ocr_line' id='line_1_60' title="bbox 1019 2072 1632 2118; baseline 0 -12"><span class='ocrx_word' id='word_1_295' title='bbox 1019 2072 1298 2121; x_wconf 47' lang='lat' dir='ltr'><strong>0A120111.§.</strong></span> <span class='ocrx_word' id='word_1_296' title='bbox 1321 2072 1356 2108; x_wconf 81' lang='grc'><strong>2.</strong></span> <span class='ocrx_word' id='word_1_297' title='bbox 1391 2073 1535 2118; x_wconf 81' lang='lat' dir='ltr'><strong>legeret.</strong></span> <span class='ocrx_word' id='word_1_298' title='bbox 1560 2073 1632 2106; x_wconf 79' lang='lat' dir='ltr'><strong>Ex—</strong></span> 
     </span>
    </p>
   </div>
   <div class='ocr_carea' id='block_1_15' title="bbox 972 2119 1632 2202">
    <p class='ocr_par' dir='ltr' id='par_1_18' title="bbox 972 2119 1632 2200">
     <span class='ocr_line' id='line_1_61' title="bbox 973 2119 1632 2165; baseline 0.002 -13"><span class='ocrx_word' id='word_1_299' title='bbox 973 2119 1110 2162; x_wconf 85' lang='lat' dir='ltr'><strong>emplar</strong></span> <span class='ocrx_word' id='word_1_300' title='bbox 1140 2122 1318 2155; x_wconf 71' lang='lat' dir='ltr'><strong>vetustum</strong></span> <span class='ocrx_word' id='word_1_301' title='bbox 1356 2119 1483 2154; x_wconf 81' lang='lat' dir='ltr'><strong>habet:</strong></span> <span class='ocrx_word' id='word_1_302' title='bbox 1534 2119 1632 2165; x_wconf 83' lang='lat' dir='ltr'><strong>lege—</strong></span> 
     </span>
     <span class='ocr_line' id='line_1_62' title="bbox 972 2166 1223 2202; baseline 0.004 -3"><span class='ocrx_word' id='word_1_303' title='bbox 972 2170 1043 2202; x_wconf 78' lang='lat' dir='ltr'><strong>rat.</strong></span> <span class='ocrx_word' id='word_1_304' title='bbox 1078 2166 1223 2200; x_wconf 70' lang='lat' dir='ltr'><strong>Binum.</strong></span> 
     </span>
    </p>
   </div>
   <div class='ocr_carea' id='block_1_16' title="bbox 971 2223 1631 2772">
    <p class='ocr_par' dir='ltr' id='par_1_19' title="bbox 971 2223 1631 2772">
     <span class='ocr_line' id='line_1_63' title="bbox 1020 2223 1629 2268; baseline -0.003 -9"><span class='ocrx_word' id='word_1_305' title='bbox 1020 2225 1052 2265; x_wconf 73' lang='lat'><strong>§-</strong></span> <span class='ocrx_word' id='word_1_306' title='bbox 1062 2223 1096 2257; x_wconf 83' lang='lat'><strong>3.</strong></span> <span class='ocrx_word' id='word_1_307' title='bbox 1119 2229 1224 2268; x_wconf 78' lang='lat' dir='ltr'><strong>atque</strong></span> <span class='ocrx_word' id='word_1_308' title='bbox 1248 2225 1466 2258; x_wconf 79' lang='lat' dir='ltr'><strong>vehementer</strong></span> <span class='ocrx_word' id='word_1_309' title='bbox 1489 2226 1554 2257; x_wconf 88' lang='lat' dir='ltr'><strong>etc.</strong></span> <span class='ocrx_word' id='word_1_310' title='bbox 1578 2223 1629 2257; x_wconf 86' lang='lat' dir='ltr'><strong>Ex</strong></span> 
     </span>
     <span class='ocr_line' id='line_1_64' title="bbox 971 2269 1631 2315; baseline -0.002 -11"><span class='ocrx_word' id='word_1_311' title='bbox 971 2269 1130 2315; x_wconf 83' lang='lat' dir='ltr'><strong>vestigiis</strong></span> <span class='ocrx_word' id='word_1_312' title='bbox 1151 2271 1279 2305; x_wconf 84' lang='lat' dir='ltr'><strong>vetusti</strong></span> <span class='ocrx_word' id='word_1_313' title='bbox 1297 2271 1424 2305; x_wconf 87' lang='lat' dir='ltr'><strong>codicis</strong></span> <span class='ocrx_word' id='word_1_314' title='bbox 1440 2270 1631 2314; x_wconf 76' lang='lat' dir='ltr'><strong>apparebat</strong></span> 
     </span>
     <span class='ocr_line' id='line_1_65' title="bbox 972 2315 1630 2362; baseline -0.002 -12"><span class='ocrx_word' id='word_1_315' title='bbox 972 2328 1036 2361; x_wconf 86' lang='lat' dir='ltr'><strong>pro</strong></span> <span class='ocrx_word' id='word_1_316' title='bbox 1061 2323 1184 2361; x_wconf 79' lang='lat' dir='ltr'><strong>atque,</strong></span> <span class='ocrx_word' id='word_1_317' title='bbox 1226 2329 1332 2362; x_wconf 81' lang='lat' dir='ltr'><strong>eoque</strong></span> <span class='ocrx_word' id='word_1_318' title='bbox 1366 2317 1441 2351; x_wconf 81' lang='lat' dir='ltr'><strong>sive</strong></span> <span class='ocrx_word' id='word_1_319' title='bbox 1472 2328 1511 2350; x_wconf 89' lang='lat' dir='ltr'><strong>eo</strong></span> <span class='ocrx_word' id='word_1_320' title='bbox 1539 2315 1630 2360; x_wconf 82' lang='lat' dir='ltr'><strong>quod</strong></span> 
     </span>
     <span class='ocr_line' id='line_1_66' title="bbox 972 2362 1631 2407; baseline -0.005 -9"><span class='ocrx_word' id='word_1_321' title='bbox 972 2363 1160 2407; x_wconf 78' lang='lat' dir='ltr'><strong>scriptum:</strong></span> <span class='ocrx_word' id='word_1_322' title='bbox 1201 2375 1283 2398; x_wconf 77' lang='lat' dir='ltr'><strong>nam</strong></span> <span class='ocrx_word' id='word_1_323' title='bbox 1320 2363 1470 2407; x_wconf 74' lang='lat' dir='ltr'><strong>vestigia</strong></span> <span class='ocrx_word' id='word_1_324' title='bbox 1512 2362 1631 2396; x_wconf 79' lang='lat' dir='ltr'><strong>litera—</strong></span> 
     </span>
     <span class='ocr_line' id='line_1_67' title="bbox 971 2409 1631 2453; baseline -0.003 -10"><span class='ocrx_word' id='word_1_325' title='bbox 971 2421 1054 2444; x_wconf 82' lang='lat' dir='ltr'><strong>rum</strong></span> <span class='ocrx_word' id='word_1_326' title='bbox 1095 2410 1154 2443; x_wconf 81' lang='lat' dir='ltr'><strong>vix</strong></span> <span class='ocrx_word' id='word_1_327' title='bbox 1195 2414 1356 2453; x_wconf 81' lang='lat' dir='ltr'><strong>poterant</strong></span> <span class='ocrx_word' id='word_1_328' title='bbox 1396 2409 1510 2443; x_wconf 69' lang='lat' dir='ltr'><strong>videri</strong></span> <span class='ocrx_word' id='word_1_329' title='bbox 1547 2419 1631 2451; x_wconf 82' lang='lat' dir='ltr'><strong>prae</strong></span> 
     </span>
     <span class='ocr_line' id='line_1_68' title="bbox 972 2454 1627 2490; baseline -0.005 0"><span class='ocrx_word' id='word_1_330' title='bbox 972 2460 1070 2490; x_wconf 86' lang='lat' dir='ltr'><strong>vetus</strong></span> <span class='ocrx_word' id='word_1_331' title='bbox 1073 2459 1154 2490; x_wconf 81' lang='lat' dir='ltr'><strong>tate.</strong></span> <span class='ocrx_word' id='word_1_332' title='bbox 1177 2456 1319 2490; x_wconf 71' lang='lat' dir='ltr'><strong>Bonan.</strong></span> <span class='ocrx_word' id='word_1_333' title='bbox 1349 2457 1404 2490; x_wconf 85' lang='lat' dir='ltr'><strong>Ex</strong></span> <span class='ocrx_word' id='word_1_334' title='bbox 1428 2460 1497 2489; x_wconf 85' lang='lat' dir='ltr'><strong>vet.</strong></span> <span class='ocrx_word' id='word_1_335' title='bbox 1523 2454 1627 2488; x_wconf 85' lang='lat' dir='ltr'><strong>Codi-</strong></span> 
     </span>
     <span class='ocr_line' id='line_1_69' title="bbox 974 2501 1629 2548; baseline -0.003 -12"><span class='ocrx_word' id='word_1_336' title='bbox 974 2502 1028 2536; x_wconf 76' lang='lat' dir='ltr'><strong>cis</strong></span> <span class='ocrx_word' id='word_1_337' title='bbox 1048 2501 1204 2547; x_wconf 82' lang='lat' dir='ltr'><strong>vestigiis</strong></span> <span class='ocrx_word' id='word_1_338' title='bbox 1227 2504 1326 2548; x_wconf 83' lang='lat' dir='ltr'><strong>lege.</strong></span> <span class='ocrx_word' id='word_1_339' title='bbox 1349 2514 1501 2547; x_wconf 80' lang='lat' dir='ltr'><strong>quoque,</strong></span> <span class='ocrx_word' id='word_1_340' title='bbox 1525 2502 1629 2535; x_wconf 80' lang='lat' dir='ltr'><strong>vehe-</strong></span> 
     </span>
     <span class='ocr_line' id='line_1_70' title="bbox 974 2549 1628 2594; baseline -0.003 -11"><span class='ocrx_word' id='word_1_341' title='bbox 974 2554 1107 2583; x_wconf 78' lang='lat' dir='ltr'><strong>menter</strong></span> <span class='ocrx_word' id='word_1_342' title='bbox 1133 2555 1353 2594; x_wconf 78' lang='lat' dir='ltr'><strong>repugnante</strong></span> <span class='ocrx_word' id='word_1_343' title='bbox 1378 2549 1527 2590; x_wconf 80' lang='lat' dir='ltr'><strong>Nerone,</strong></span> <span class='ocrx_word' id='word_1_344' title='bbox 1551 2552 1628 2582; x_wconf 83' lang='lat' dir='ltr'><strong>erat</strong></span> 
     </span>
     <span class='ocr_line' id='line_1_71' title="bbox 973 2596 1625 2640; baseline -0.003 -11"><span class='ocrx_word' id='word_1_345' title='bbox 973 2596 1149 2630; x_wconf 73' lang='lat' dir='ltr'><strong>inhibitus.</strong></span> <span class='ocrx_word' id='word_1_346' title='bbox 1193 2597 1334 2640; x_wconf 71' lang='lat' dir='ltr'><strong>Quoque</strong></span> <span class='ocrx_word' id='word_1_347' title='bbox 1371 2607 1435 2639; x_wconf 81' lang='lat' dir='ltr'><strong>pro</strong></span> <span class='ocrx_word' id='word_1_348' title='bbox 1476 2601 1510 2629; x_wconf 84' lang='lat' dir='ltr'><strong>et</strong></span> <span class='ocrx_word' id='word_1_349' title='bbox 1549 2606 1625 2638; x_wconf 82' lang='lat' dir='ltr'><strong>quo.</strong></span> 
     </span>
     <span class='ocr_line' id='line_1_72' title="bbox 973 2642 1626 2685; baseline -0.003 -10"><span class='ocrx_word' id='word_1_350' title='bbox 973 2643 1095 2676; x_wconf 83' lang='lat' dir='ltr'><strong>Celsus</strong></span> <span class='ocrx_word' id='word_1_351' title='bbox 1119 2642 1162 2676; x_wconf 83' lang='lat' dir='ltr'><strong>de</strong></span> <span class='ocrx_word' id='word_1_352' title='bbox 1186 2643 1312 2677; x_wconf 80' lang='lat' dir='ltr'><strong>Medic.</strong></span> <span class='ocrx_word' id='word_1_353' title='bbox 1337 2643 1426 2678; x_wconf 84' lang='lat' dir='ltr'><strong>vul.</strong></span> <span class='ocrx_word' id='word_1_354' title='bbox 1450 2642 1508 2676; x_wconf 93' lang='grc'><strong>11.</strong></span> <span class='ocrx_word' id='word_1_355' title='bbox 1542 2652 1626 2685; x_wconf 80' lang='lat' dir='ltr'><strong>quo-</strong></span> 
     </span>
     <span class='ocr_line' id='line_1_73' title="bbox 973 2689 1627 2734; baseline -0.002 -12"><span class='ocrx_word' id='word_1_356' title='bbox 973 2701 1038 2733; x_wconf 81' lang='lat' dir='ltr'><strong>quc</strong></span> <span class='ocrx_word' id='word_1_357' title='bbox 1063 2689 1100 2722; x_wconf 80' lang='lat' dir='ltr'><strong>in</strong></span> <span class='ocrx_word' id='word_1_358' title='bbox 1123 2700 1162 2722; x_wconf 88' lang='lat' dir='ltr'><strong>eo</strong></span> <span class='ocrx_word' id='word_1_359' title='bbox 1184 2690 1261 2734; x_wconf 82' lang='lat' dir='ltr'><strong>plus</strong></span> <span class='ocrx_word' id='word_1_360' title='bbox 1283 2701 1366 2723; x_wconf 79' lang='lat' dir='ltr'><strong>usas</strong></span> <span class='ocrx_word' id='word_1_361' title='bbox 1387 2692 1563 2734; x_wconf 80' lang='lat' dir='ltr'><strong>superest,</strong></span> <span class='ocrx_word' id='word_1_362' title='bbox 1578 2698 1627 2726; x_wconf 26' lang='lat' dir='ltr'><strong>keo</strong></span> 
     </span>
     <span class='ocr_line' id='line_1_74' title="bbox 971 2735 1386 2772; baseline 0.005 -2"><span class='ocrx_word' id='word_1_363' title='bbox 971 2736 1085 2770; x_wconf 78' lang='lat' dir='ltr'><strong>minus</strong></span> <span class='ocrx_word' id='word_1_364' title='bbox 1107 2735 1145 2770; x_wconf 79' lang='lat' dir='ltr'><strong>id</strong></span> <span class='ocrx_word' id='word_1_365' title='bbox 1168 2741 1386 2772; x_wconf 67' lang='lat' dir='ltr'><strong>extenuatur.</strong></span> 
     </span>
    </p>
   </div>
  </div>
 </body>
</html>
