1728 3054
268 226 336 289 ‘28

567 245 601 286 C
659 244 935 288 VELLE'II
970 247 1363 295 PATERCULI

277 375 491 420 operum,
547 366 598 405 ut
640 376 794 406 eorum
840 364 1061 422 equitum,
1107 366 1185 424 qui
1231 382 1286 412 ex
1328 369 1462 429 ipsius
1501 377 1647 419 turma

276 428 399 487 apud
435 429 682 474 Granicum
717 431 883 476 flumen
918 433 1195 491 ceciderant,
1243 452 1448 497 expressa
1492 441 1647 487 simili-

273 497 425 541 tudine
459 498 729 557 figurarum,
774 500 944 546 faceret
986 509 1171 561 statuas,
1216 511 1260 549 et
1292 506 1430 566 ipsius
1466 523 1647 568 quoque

237 567 330 608 5iis
363 567 678 626 interponeret.
715 569 805 615 Hic
838 570 982 626 idem,
1019 573 1188 631 primus
1223 576 1436 632 omnium,
1470 577 1646 638 Romae

275 633 437 679 aedem
472 651 526 679 ex
562 651 784 683 marmore
818 639 863 683 in
897 640 946 684 iis
981 641 1086 700 ipsis
1119 646 1416 689 monumentis
1450 647 1645 703 molitus,

232 703 348 749 6vel
381 705 737 764 magnificentiae
784 709 858 752 vel
899 709 1100 754 luxuriae
1142 711 1351 773 princeps
1392 713 1489 758 fuit.
1558 715 1645 761 vix

268 772 401 816 ullius
454 776 622 833 gentis,
683 777 855 828 aetatis,
910 778 1076 824 ordinis
1130 778 1359 826 hominem
1413 783 1643 840 inveneriS,

268 842 392 887 cuius
430 842 690 888 felicitatem
741 845 947 890 fortunae
991 847 1171 892 Metelli
1213 863 1458 911 compares,
1525 853 1643 898 Nam

264 916 445 970 praeter
481 912 764 958 excellenteis
808 914 1082 975 triumphoS,
1126 916 1409 979 honoresque
1454 922 1642 982 amplis-

263 1043 326 1077 111.
351 1043 406 1079 ll.
430 1043 488 1080 27.
521 1043 579 1078 Sic
602 1045 695 1090 apud
725 1046 848 1082 Vellei.
874 1047 919 1082 Π.

264 1089 346 1123 107.
379 1093 620 1134 permutantur
659 1093 844 1138 impetrato
884 1099 920 1129 et

262 1136 445 1180 imperato.

310 1217 343 1258 ἓ.
366 1214 402 1251 5.
434 1217 472 1251 in
509 1218 553 1252 iis
574 1217 658 1263 ipsis
680 1219 916 1254 monumentis.

238 1262 345 1297 -Hoc
370 1266 442 1305 est,
475 1263 568 1298 intra
600 1275 658 1298 eas
687 1264 779 1308 ipsas
809 1266 917 1308 porti-

263 1319 345 1350 cus,
387 1309 430 1342 de
462 1310 587 1353 quibus
625 1314 725 1352 ante,
758 1315 797 1345 ut
830 1312 916 1346 bene

263 1354 356 1399 oepit
378 1366 468 1390 unus
491 1357 673 1392 Gruterus.
713 1357 915 1391 Monumen-

260 1405 302 1436 τα
348 1401 510 1436 dicuntur
550 1401 712 1438 aedificia
760 1403 915 1447 publica,

255 1457 354 1491 ,quae
382 1448 505 1493 magni
543 1448 743 1492 copiosique
775 1449 844 1483 viri
875 1449 914 1484 in

257 1493 314 1527 sui
337 1494 546 1528 memoriam
568 1498 818 1530 exstruxerunt.
851 1495 913 1530 Sic

258 1545 481 1574 monumenta
512 1540 681 1575 Mariana
712 1542 805 1585 apud
839 1542 911 1576 Va-

255 1585 444 1621 ler.-Max.
479 1587 522 1621 11.
558 1587 592 1622 5.
623 1586 658 1622 6.
691 1594 913 1623 monumenta

257 1631 427 1666 Pollionis
450 1633 560 1667 Asinii
583 1634 675 1677 apud
697 1634 789 1670 Plio.
807 1635 854 1668 H.
867 1635 910 1670 N.

256 1678 420 1715 XXXVI.
444 1678 478 1713 5.
510 1679 690 1714 Velleiano
713 1681 790 1715 loco
813 1681 913 1715 simi-

257 1724 303 1758 lis
326 1727 378 1758 est
399 1725 541 1759 Asconii
565 1725 609 1760 ad
633 1726 706 1760 Cic.
730 1726 766 1761 in
789 1727 907 1762 Pison-

255 1769 315 1806 19.
349 1771 538 1806 Marcellus
567 1783 644 1808 cum
674 1777 812 1808 statuas
833 1775 911 1816 sibi,

256 1827 301 1850 ac
331 1818 448 1861 patri,
484 1818 633 1863 itemque
665 1830 731 1852 avo
767 1825 912 1863 poneret

256 1862 295 1896 in
317 1864 542 1897 monumentis
575 1865 635 1899 avi
665 1866 719 1898 sui
753 1866 802 1899 ad
833 1866 909 1899 Ho-

255 1909 350 1942 noris
384 1914 419 1944 et
463 1910 607 1944 Virtutis
649 1911 781 1944 aedem.
822 1911 910 1946 Vide

252 1955 405 2000 Interpp.
441 1955 486 1989 ad
515 1955 630 1990 Tacit.
660 1957 750 1990 Ann.
785 1958 841 1991 lv.
872 1958 908 1992 7.

253 2001 375 2038 navis.
397 2001 442 2036 ad
467 2001 537 2036 Cic.
569 2002 612 2035 de
646 2001 763 2037 Divin.
799 2003 827 2038 1.
849 2003 907 2038 28.

254 2051 292 2082 et
317 2047 371 2081 cl.
404 2048 590 2084 Ernestum
623 2049 723 2085 clav.
762 2049 835 2083 Cic.
870 2061 905 2085 v.

253 2093 528 2129 Monumentum.
605 2094 651 2130 At
705 2094 788 2138 quid
843 2099 906 2137 est,

251 2151 362 2184 quare
393 2139 563 2183 Velleius,
597 2140 660 2185 qui
700 2145 782 2175 ante
821 2141 907 2176 duas

250 2186 356 2221 aedes
378 2186 686 2229 commemoravit,
706 2187 765 2220 hic
787 2187 909 2233 singu-

249 2233 320 2267 lari
342 2232 465 2267 aedem
488 2233 632 2268 utatur?
665 2232 799 2277 Nempe
830 2244 904 2268 am-

249 2278 353 2323 bigni
375 2279 508 2314 vitandi
530 2290 651 2314 caussa
674 2280 797 2314 aedem
819 2279 906 2315 scri-

248 2325 339 2370 psit,
365 2329 404 2360 ut
427 2326 469 2359 de
491 2325 648 2370 templis,
670 2337 740 2359 non
764 2326 805 2359 de
829 2326 904 2370 pri-

247 2371 340 2406 vatis
395 2371 540 2406 aedibus
559 2397 569 2414 ,
636 2372 902 2416 intelligeretur.

245 2418 444 2461 Utrumque
465 2421 580 2452 autem
612 2419 782 2462 templum
807 2429 902 2452 mar-

246 2474 407 2498 moreum
430 2463 540 2498 fuisse
566 2464 700 2499 Plinius
722 2465 745 2498 l.
777 2476 808 2498 c.
840 2475 900 2499 au-

247 2514 323 2544 ctor
345 2514 415 2552 est,
437 2510 589 2545 Saurum
612 2514 649 2545 et
670 2511 898 2552 Batrachum,

243 2556 473 2598 architectos,
496 2557 586 2590 inter
606 2567 685 2599 eos,
718 2556 780 2600 qui
803 2567 900 2589 mar-

243 2611 365 2636 morea
379 2602 575 2645 struxerint,
587 2613 775 2636 recensens.
797 2602 897 2643 Quae

243 2659 324 2681 cum
352 2648 468 2682 minus
501 2649 690 2683 attenderet
719 2647 895 2680 Burman-

241 2704 329 2735 nus,
369 2694 481 2728 invita
518 2692 730 2734 Latinitate,
771 2691 894 2726 aedem

241 2739 335 2784 cepit
366 2740 410 2773 de
439 2740 543 2774 domo
566 2737 701 2772 Metelli
732 2737 891 2781 privata3

240 2796 366 2830 quem,
398 2784 532 2826 mit-or,
563 2785 636 2820 huc
659 2793 727 2820 non
749 2783 894 2821 traxisse

986 1047 1140 1084 Plinium
1178 1050 1203 1086 l.
1239 1063 1268 1086 e.
1309 1052 1477 1089 Pasiteles
1523 1054 1640 1090 Iovem

978 1097 1069 1140 fecit
1101 1097 1259 1132 eboreum
1294 1098 1333 1132 in
1369 1099 1504 1135 Metelli
1540 1101 1640 1144 aede,

985 1152 1056 1187 qua
1099 1144 1249 1188 Campus
1287 1145 1430 1190 petitur.
1480 1146 1641 1190 quamvi-

984 1189 1124 1224 adiecta
1146 1191 1275 1232 verba,
1311 1202 1383 1236 qua
1405 1192 1554 1238 Campus
1575 1204 1640 1238 pe·-

983 1235 1091 1276 titur‚
1124 1235 1208 1270 satis
1239 1237 1444 1280 ostendant,
1489 1240 1640 1276 alterum

983 1292 1027 1318 ex
1069 1281 1205 1316 duobus
1253 1284 1393 1326 templis
1433 1283 1639 1330 significari.

984 1326 1054 1362 Sed
1081 1327 1139 1362 vir
1168 1329 1289 1363 doctus
1319 1329 1356 1364 in
1379 1330 1443 1364 illo
1473 1332 1552 1365 loco
1576 1343 1638 1366 ex-

981 1372 1142 1416 plicando
1180 1378 1334 1410 mentem
1377 1375 1465 1411 alibi
1499 1377 1639 1422 habuit,

979 1419 1130 1454 laudans
1153 1420 1351 1455 Bentleium
1376 1422 1422 1456 ad
1444 1423 1570 1458 Horat.
1592 1425 1638 1460 11.

980 1465 1045 1509 Ep.
1069 1465 1182 1521 2‘.9.²·
1206 1465 1268 1510 qui
1290 1467 1362 1503 alia
1384 1468 1503 1504 omnin
1523 1467 1636 1514 docet,

979 1522 1044 1556 pro
1066 1523 1228 1556 opinione
1249 1524 1326 1550 suo.

1025 1569 1081 1603 vel
1099 1571 1382 1615 magnificentiae
1403 1570 1460 1606 uel
1478 1572 1636 1611 luxuriae

975 1615 1134 1661 princeps
1149 1617 1235 1659 suit.
1265 1617 1320 1652 An
1347 1618 1450 1652 liuius
1473 1618 1635 1654 excidit?

979 1662 1081 1696 huius
1104 1663 1470 1719 velmagmfieentiae
1500 1666 1556 1700 vel
1581 1666 1637 1700 lu-

977 1710 1482 1801 22333u3f3ss3ff225322tm32⁰
1503 1711 1549 1791 ἐξ
1572 1710 1636 1793 «3.ῗὲ

978 1801 1102 1844 ἀζῇοἱίε
1124 1803 1395 1848 convictibusque
1424 1808 1459 1838 et
1481 1814 1636 1848 appara-

976 1847 1068 1880 tibus
1087 1848 1245 1882 luxuriae
1265 1850 1397 1893 primus
1413 1854 1534 1884 auctor
1543 1851 1631 1893 suit.

977 1893 1093 1927 Huius
1132 1895 1416 1939 magnificentiae
1452 1896 1633 1941 eleganter

975 1949 1060 1982 pro,
1093 1940 1396 1985 magnificentiae,
1431 1952 1521 1987 quae
1542 1953 1633 1977 nune

976 1988 1037 2019 est.
1057 1985 1134 2021 Liv.
1165 1987 1221 2020 Vl.
1245 1986 1279 2021 4.
1315 1998 1399 2032 opus
1423 1988 1480 2022 vel
1503 1989 1541 2023 in
1564 1989 1632 2023 hac

974 2032 1237 2077 magnificentia
1280 2034 1373 2068 urbis
1423 2035 1634 2079 conspicien-

975 2077 1069 2114 dum.
1122 2078 1209 2113 Vide
1262 2079 1417 2114 Gronov·
1466 2081 1511 2115 ad
1549 2080 1629 2112 mv.

975 2123 1085 2159 XXV.
1117 2124 1174 2158 40.
1210 2124 1280 2160 Sed
1309 2126 1400 2161 forte
1430 2125 1554 2159 metius
1575 2126 1630 2158 est

974 2169 1067 2204 nihil
1089 2174 1226 2212 mutare
1261 2172 1308 2208 ob
1335 2169 1487 2204 similem
1509 2169 1628 2204 locum

972 2215 1018 2252 11.
1050 2216 1084 2250 1.
1122 2217 1296 2262 publicam
1327 2215 1627 2260 magnificentiam

971 2264 1091 2296 secuta
1112 2263 1256 2307 privata
1294 2261 1434 2296 luxuria
1468 2266 1531 2296 est.
1571 2262 1628 2295 De

970 2319 1010 2341 re
1031 2307 1108 2352 ipsa
1130 2307 1262 2342 Velleio
1279 2306 1439 2341 convenit
1458 2317 1539 2340 cum
1547 2307 1626 2342 Pli-

969 2354 1029 2388 nio
1052 2354 1099 2388 Η.
1124 2353 1167 2388 Ν.
1200 2349 1362 2388 XXXVI.
1391 2352 1426 2389 2.
1450 2358 1533 2397 qua·
1546 2363 1623 2387 ma-

967 2401 1026 2445 gis
1047 2401 1107 2433 via
1125 2400 1282 2444 irrepunt
1302 2400 1411 2441 vitia,
1433 2410 1537 2443 quam
1556 2408 1624 2442 pu·-

967 2445 1085 2484 bliea?
1112 2445 1298 2478 Enimvero
1327 2456 1394 2477 non
1425 2445 1495 2479 alio
1521 2443 1622 2478 modo

966 2491 1002 2524 in
1046 2490 1203 2534 privatos
1246 2499 1330 2523 usus
1375 2489 1440 2522 illa
1484 2500 1621 2534 venere,

963 2537 1086 2577 ebora,
1110 2545 1256 2576 aarum,
1276 2545 1451 2581 gemmae.

1008 2591 1043 2635 §.
1073 2591 1108 2626 6.
1141 2594 1312 2635 fortunae
1348 2592 1495 2628 Metelli.
1533 2587 1622 2627 Vide

960 2637 1083 2673 Davis.
1098 2637 1143 2673 ad
1166 2637 1239 2672 Cic.
1262 2638 1368 2672 Tusc.
1391 2638 1488 2684 Disp.
1510 2639 1539 2673 1.
1559 2638 1619 2675 35.

1007 2694 1208 2729 excellentes
1243 2695 1444 2740 triumphos.
1494 2696 1618 2742 Sigon.

959 2738 996 2773 in
1019 2740 1136 2775 Fastis
1158 2741 1203 2775 ad
1225 2752 1257 2776 a.
1267 2741 1348 2776 611.
1373 2743 1510 2779 scribit=
1538 2744 1619 2778 Vel-

959 2786 1046 2822 leius
1088 2791 1208 2824 tamen
1262 2789 1465 2827 excellentes
1514 2789 1617 2825 buius
