1728 3054
193 221 198 225 -
238 201 326 244 228
543 178 921 240 euveum}
948 191 1346 242 PATERGULI

245 313 301 357 tis
347 310 545 356 urbanae
590 310 826 356 custodem
869 309 1126 368 habemus,
1165 313 1303 358 virtus
1348 315 1623 374 compressit.

205 380 434 440 2Quippe
478 380 655 439 legatus
701 380 904 425 Caesaris
947 382 1139 441 triennio
1183 397 1287 427 cum
1321 381 1392 427 his
1426 383 1627 441 bellavit,

245 454 492 509 gentesque
527 448 844 505 ferocissimas,
879 450 1076 509 plurimo
1113 465 1215 494 eum
1253 458 1406 495 earum
1435 453 1628 508 excidio,

245 533 364 562 nunc
399 518 519 572 acie,
555 532 673 581 nunc
708 520 1135 578 expugnationibus,
1182 521 1228 564 in
1274 520 1506 579 pristinum
1541 537 1628 581 pa-

245 587 308 632 cis
342 586 522 646 redegit
555 586 769 639 modum3
816 589 997 647 eiusque
1040 590 1293 648 patratione
1327 589 1461 633 Asiae
1495 605 1628 634 secu-

206 656 446 709 Sritatem,
483 655 982 716 Macedoniaepaeem
1017 657 1231 701 reddidit.
1302 657 1373 701 De
1407 673 1500 716 quo
1527 660 1626 703 viro

243 725 338 769 hoe
374 725 580 768 omnibus
615 725 894 770 sentiendum
931 742 984 772 ac
1019 726 1377 786 praedicandum
1414 734 1491 784 est,
1526 742 1626 771 esse

245 808 394 839 mores
441 794 534 837 eius
580 794 738 853 vigore
782 810 836 840 ac
886 795 1067 840 lenitate
1113 795 1415 850 mixtissimos,
1462 802 1507 839 et
1552 796 1626 840 vix

243 876 518 920 quemquam
563 856 954 923 rep'eriri‘posse,
1006 864 1083 921 qui
1127 870 1201 907 aut
1244 864 1393 909 ocium
1438 864 1627 909 validius

243 932 430 991 diligat,
494 937 571 975 aut
626 931 801 976 facilius
854 933 1047 978 sufficiat
1101 933 1320 993 negocio,
1374 939 1419 977 et
1467 934 1625 993 magis,

242 1016 360 1059 quae
415 1001 595 1061 agenda
651 1006 779 1057 sunt,
844 1008 972 1047 curet
1032 1001 1125 1046 sine
1182 1002 1277 1046 ulla
1331 1004 1626 1047 ostentatione

241 1068 424 1130 agendi.
851 1128 855 1130 ‚

381 1137 518 1182 CAP.
535 1135 699 1181 XCIX.
737 1135 875 1181 Brevi
909 1136 1141 1181 interiecto
1176 1137 1331 1198 spacio
1361 1137 1467 1182 Tib.
1487 1137 1626 1195 Nero,

241 1206 420 1251 duobus
477 1200 805 1262 consulatibus,
870 1207 1153 1264 totidemque
1208 1206 1446 1266 triumphis
1501 1207 1625 1263 actis,

175 1296 177 1298 ·
240 1275 508 1320 tribuniciae
552 1275 784 1334 potestatis
830 1275 1113 1326 consortione
1152 1283 1365 1334 aequatus
1401 1264 1624 1335 Augusto,

215 1338 406 1390 'civium
440 1350 546 1403 post
579 1357 718 1387 unum
759 1343 836 1401 (et
870 1343 986 1399 hoc,
1030 1344 1135 1401 quia
1170 1344 1384 1403 volebat)
1421 1346 1624 1388 eminen—

239 1414 453 1468 tissimus,
507 1412 676 1458 ducum
722 1412 966 1467 maximus,
1019 1412 1142 1456 fama
1186 1413 1455 1470 fortuneque
1498 1413 1623 1458 cele-

241 1482 487 1536 berrimus,
549 1487 594 1525 et
638 1496 745 1525 vere
791 1481 979 1525 alterum
1025 1481 1139 1540 reip.
1184 1481 1339 1526 lumen
1372 1488 1428 1526 -et
1472 1487 1623 1541 eaput,

207 1551 359 1598 2mira
391 1549 618 1611 quadam,
655 1556 700 1595 et
732 1549 1008 1607 incredibili,
1041 1557 1177 1610 atque
1207 1550 1491 1595 inenarrabili
1520 1552 1624 1612 pie-

965 1682 1158 1718 ratissima
1172 1684 1290 1723 locum
1308 1683 1496 1728 occupavit
1510 1683 1623 1727 :quod

239 1687 354 1720 certus
386 1684 491 1730 poEta
521 1683 663 1719 Anthol.
695 1682 774 1718 Lat.
796 1683 843 1718 Τ.
867 1683 896 1719 ῐ.

966 1731 1094 1763 centies
1126 1731 1259 1765 factum
1282 1742 1375 1773 esse,
1409 1732 1536 1764 barum
1567 1741 1624 1763 re-

238 1743 323 1777 pag.
342 1731 423 1766 258.
450 1730 509 1774 qui
531 1731 681 1765 eundem
707 1742 790 1776 pag.
815 1730 898 1766 254.

239 1779 384 1823 vigilem
407 1779 502 1811 urbis
523 1782 638 1812 vocat.
676 1777 826 1811 Velleius
853 1778 897 1812 ll.

239 1825 297 1860 88.
325 1825 422 1858 Tunc
444 1824 538 1856 urbis
563 1825 727 1857 custodiis
746 1835 897 1868 praepo·—

239 1872 327 1905 sitzae
362 1871 398 1904 C.
437 1870 636 1903 Maecenas.
682 1873 720 1903 ut
764 1869 898 1904 Statius

239 1917 329 1953 silv.
361 1916 390 1950 1.
422 1915 456 1950 4.
490 1915 546 1950 16.
584 1916 690 1958 Quem
711 1927 819 1960 penes
843 1917 897 1950 in-

238 1964 400 2010 trepidae
434 1963 528 1996 mitis
561 1963 719 1995 custodia
751 1963 895 1997 Romae.

239 2011 294 2044 De
317 2010 444 2044 Pisone
475 2009 556 2041 vide
586 2008 699 2042 Tacit.
721 2009 812 2043 Anu.
837 2009 897 2043 VI.

240 2056 298 2092 10.
324 2062 358 2089 et
380 2055 429 2090 ibi
459 2054 628 2099 Lipsium.
845 2069 848 2072 >

288 2105 320 2146 §.
345 2102 378 2137 2.
411 2102 549 2146 eiusque
571 2100 782 2145 patratione.
816 2100 895 2135 Liv.

239 2150 284 2185 11.
310 2148 368 2183 26.
402 2149 439 2182 iu
461 2159 594 2193 magua
616 2149 688 2181 iam
711 2159 770 2191 spe
792 2148 896 2181 undi—

241 2207 308 2241 que
340 2199 507 2240 patra-tae
540 2195 650 2239 pacis.
684 2194 805 2227 XLlV.
835 2194 895 2229 25.

240 2243 341 2282 modo
371 2241 471 2287 pacis
498 2241 699 2285 patrandae
724 2251 800 2273 cum
825 2240 896 2274 Ro-

240 2289 355 2323 manis
400 2288 642 2332 paciscebatur
691 2287 895 2321 mercedem.

238 2335 302 2370 uhi
325 2334 406 2368 vide
426 2333 621 2367 Dukerum.

286 2384 319 2424 ς.
355 2381 390 2415 3.
429 2391 540 2413 mores
581 2380 656 2413 eius
689 2379 812 2425 vigore
853 2391 899 2414 ae

240 2428 388 2461 lenitate
411 2426 643 2460 miniosimos.
671 2425 895 2468 ,Superlativi

239 2475 463 2518 mixtissimug
485 2471 669 2506 insolentia
691 2483 758 2506 non
782 2472 898 2507 minus

241 2531 319 2561 me,
351 2531 460 2564 quam
494 2518 695 2560 Hefflsium,
739 2518 894 2553 offendit.

243 2566 314 2600 Sed
347 2567 454 2611 longe
484 2565 660 2599 diversam
692 2565 897 2599 emendandi

237 2613 412 2647 rationem
445 2623 582 2655 sequor.
624 2612 738 2656 Lege=
783 2623 895 2651 mores

240 2660 313 2694 eins
332 2660 454 2705 vigore
476 2669 519 2691 ac
541 2658 687 2692 lenitate
718 2662 894 2703 tempera-

237 2706 395 2740 tissimos.
435 2703 611 2738 Nimirum
650 2704 774 2749 glossa
806 2705 893 2738 mix-

238 2751 386 2789 tia-eimau
413 2749 541 2786 veteris
566 2750 727 2787 lectionis
759 2754 892 2798 tempe*

966 1787 1046 1810 rum
1078 1777 1181 1821 periti
1214 1777 1341 1812 sciunt.
1389 1777 1466 1811 Vox
1489 1782 1623 1821 tempe-

964 1828 1065 1856 ratus
1089 1835 1192 1866 quam
1217 1824 1305 1858 bene
1327 1823 1413 1856 huic
1437 1824 1515 1856 loco
1536 1834 1619 1856 eon-

964 1869 1103 1911 veniat,
1142 1870 1202 1903 vix
1242 1881 1329 1913 opus
1362 1872 1414 1902 est
1455 1868 1623 1912 exemplis

963 1916 1123 1958 probare.
1148 1916 1304 1950 Velleius
1322 1914 1456 1950 11.116.
1472 1916 1621 1960 priscam

960 1963 1180 2006 gravitatem
1223 1972 1357 2006 semper
1399 1961 1620 1995 humanitate

962 2012 1170 2054 temperans.
1202 2008 1284 2042 Cic..
1310 2008 1355 2042 ad
1388 2007 1458 2043 Att.
1492 2008 1551 2041 lv.
1581 2007 1617 2043 6.

963 2054 1134 2088 hominem
1156 2055 1194 2087 in
1216 2066 1352 2089 summa
1375 2054 1620 2098 magnitudine

965 2101 1074 2134 animi
1096 2101 1207 2135 multa
1237 2101 1455 2134 humanitate
1484 2099 1619 2145 tempe-

961 2151 1090 2180 ratum.
1119 2148 1232 2181 Valet.
1257 2148 1353 2182 Max,
1375 2147 1420 2180 11.
1446 2147 1478 2181 1.
1492 2146 1525 2181 5.
1548 2159 1619 2181 non

962 2194 1075 2227 tristis
1109 2205 1228 2227 earum
1260 2199 1294 2228 et
1316 2193 1459 2227 horrida
1479 2194 1619 2237 pudici-

963 2240 1029 2280 tia,
1049 2240 1110 2274 scd
1133 2241 1272 2275 honesto
1295 2240 1467 2274 comitatis
1487 2251 1617 2285 genere

962 2290 1169 2329 temperata.
1545 2302 1548 2304 ·

1011 2332 1109 2366 CAP.
1139 2332 1262 2370 xcix.
1293 2332 1326 2373 §.
1357 2330 1391 2366 2.
1414 2332 1506 2365 mira
1527 2343 1616 2377 qua-

964 2378 1067 2420 dam,
1107 2383 1142 2413 et
1174 2378 1369 2412 incredibili
1379 2403 1389 2417 ‚
1424 2383 1528 2422 atque
1559 2380 1615 2412 in-

964 2425 1153 2460 enarrabili
1179 2426 1323 2468 pietate.
1358 2425 1487 2458 Forte:
1523 2426 1614 2458 mira

962 2472 1133 2516 quadam,
1159 2476 1193 2505 ct
1214 2471 1427 2511 incredibili,
1461 2482 1504 2504 ae
1525 2483 1614 2515 pene

962 2519 1192 2552 inenarrabili
1220 2519 1367 2562 pietate.
1412 2516 1484 2551 Cic.
1518 2517 1616 2558 Phil,

961 2564 1020 2598 lx.
1044 2562 1077 2598 5.
1113 2565 1188 2598 Nec
1211 2576 1291 2598 vero
1313 2564 1469 2597 silebitur
1498 2564 1613 2597 admi·-

960 2610 1081 2644 rabilis
1103 2611 1298 2655 quaedam,
1333 2615 1367 2644 et
1389 2610 1612 2652 incredibilis,

959 2668 1002 2690 ae
1030 2668 1121 2701 pene
1151 2658 1271 2691 divina
1302 2657 1376 2690 eiua
1409 2656 1446 2689 in
1477 2657 1613 2702 legibus
1663 2672 1666 2673 ⁷

956 2703 1249 2747 interpretandis,
1287 2701 1465 2747 aequitate
1501 2703 1612 2748 expli-

955 2751 1096 2794 canda,
1127 2750 1285 2787 scientia.
1305 2749 1555 2787 lumnam&
1576 2751 1612 2786 et
