1728 3054
227 195 324 233 Lxx
566 188 846 233 nmmum
889 186 1258 232 nonwnmn

232 304 337 345 ullos
366 316 392 344 e
425 302 582 344 consilii
619 301 739 341 huius
778 299 979 341 sententia
1017 299 1060 341 in
1091 305 1292 342 senatum
1308 300 1617 352 malcomum-¹

232 375 391 413 cunque
418 361 481 399 ius
511 360 553 398 in
581 362 765 397 senatum
800 357 1016 409 adlegendi
1054 371 1130 411 pro
1158 359 1248 399 iure
1274 359 1490 412 potestatis
1508 367 1618 400 ’(ιιιιι-Ι

233 419 365 457 soriae
404 417 492 469 ipse
528 414 717 481 princeps
754 413 957 455 habuerit.
1016 414 1073 454 Et
1112 420 1225 456 certe
1273 416 1450 468 nondum
1483 415 1619 456 consi-

233 475 331 514 lium
365 472 466 511 illud
503 471 749 511 senatorium
787 472 930 511 aderat
966 471 1183 521 Tiberio,
1194 472 1271 513 sed
1307 473 1492 524 Augusto
1518 472 1618 522 auli,

234 543 326 571 cnm
352 529 546 568 nondum
559 527 824 568 conderetur
832 529 1250 580 senatusconsultum,
1289 541 1370 582 quo
1402 529 1618 596 Tiberium

236 586 420 628 Velleius
446 588 664 637 aequatum
693 585 794 626 dicit
819 585 1018 638 Augusto.

291 743 332 799 ἓ.
362 745 431 787 19.
470 722 624 783 Αηηάε
660 725 775 786 76⁰,
795 736 957 796 prinius
993 741 1096 785 belli
1112 711 1602 797 *triennss-Ahlystfflnixv

706 833 720 838 ,.
731 800 847 854 gesti
873 813 903 840 a
938 799 1114 842 Tiberio.

348 899 406 941 Et
439 899 602 954 quidem
637 899 688 940 ab
729 898 810 940 hoc
845 899 936 953 ipso
974 889 1225 953 quaesturae¹
1250 899 1489 948 Velleianae
1517 899 1623 942 anno

237 958 351 999 urbis
388 960 485 1000 76⁰.
525 957 742 997 triennium
778 956 877 1008 illud
913 956 1184 999 inchoandum
1225 959 1331 1010 est,
1364 958 1474 1011 quod
1512 954 1623 998 b'ello

237 1014 464 1068 Illyriciano
492 1014 736 1067 impenderit
764 1013 801 1053 Γ
802 1013 953 1054 iberlus
982 1018 1089 1055 teste
1117 1004 1325 1062 Suetonio.
1382 1015 1470 1056 Nec
1496 1011 1576 1060 erit
1598 1027 1623 1056 a

237 1077 379 1114 nostro
413 1072 582 1112 consilio
610 1071 807 1120 alienum,
844 1073 890 1110 ut
931 1071 1010 1111 hoc
1046 1084 1186 1112 verum
1224 1071 1354 1112 fuisse
1391 1070 1626 1129 probemus,

237 1142 330 1170 cum
360 1133 403 1170 et
435 1129 485 1169 ab
514 1128 602 1168 aliis
631 1128 809 1185 nondum
843 1127 896 1168 sit
924 1124 1053 1182 (quod
1083 1129 1246 1181 quidem
1276 1122 1433 1184 sciam)
1452 1141 1626 1182 occupa-

237 1189 346 1235 tum,
384 1189 428 1226 et
456 1184 645 1245 nonnulla
674 1180 784 1224 inde
795 1184 1014 1239 pendeant
1047 1185 1261 1236 utilissima
1284 1185 1338 1236 ιιι
1366 1187 1510 1225 nostra
1533 1184 1627 1238 hac',

238 1242 292 1287 de
321 1256 399 1294 qua
410 1242 605 1310 agimus,
635 1237 897 1294 chronologia
924 1240 1149 1283 Velleiana.
1196 1229 1288 1283 lani
1306 1242 1475 1295 quidem
1506 1246 1627 1283 antea

238 1298 536 1348 concessimus,
582 1297 742 1338 initium
777 1298 1021 1338 tumultuum
1050 1291 1367 1347 Delmatico'rum
1406 1299 1450 1339 in
1478 1310 1628 1339 annum

237 1356 491 1411 superiorem
518 1357 615 1398 759.
655 1367 747 1395 esse
774 1354 1080 1395 conferendum.
1138 1354 1268 1403 Immo
1305 1357 1348 1396 'et
1386 1355 1540 1413 praelia
1577 1354 1629 1400 il.-

238 1411 317 1453 lius
348 1413 441 1452 anni
475 1413 518 1453 ιιι
554 1411 731 1452 rebelles
765 1411 892 1452 habet
919 1412 1009 1455 Dio.
1066 1400 1158 1452 Non
1193 1413 1330 1452 tamen
1365 1407 1532 1452 veniunt
1558 1411 1629 1452 illa

237 1468 280 1510 ιιι
308 1482 475 1510 censum
501 1468 667 1509 triennii
697 1468 750 1508 de
787 1469 897 1508 bello
936 1482 960 1508 a
998 1468 1167 1509 Tiberio
1205 1469 1296 1522 ipso
1333 1470 1450 1521 gesto
1480 1468 1629 1509 Sueto-

238 1526 360 1571 niani
395 1524 474 1567 XV
520 1525 627 1570 enim
668 1524 827 1565 Tiberii
884 1525 1067 1577 legiones
1106 1526 1177 1574 illo
1215 1526 1391 1569 triennio
1429 1528 1630 1565 memorat

239 1581 479 1624 Suetonius:
507 1581 550 1636 *)
587 1581 628 1621 X
664 1582 945 1622 tantummodo
988 1582 1208 1635 superioris
1243 1582 1338 1623 anni
1374 1583 1457 1622 fine
1486 1581 1628 1623 Velle-

238 1639 316 1681 ius.
343 1638 408 1693 **)
451 1638 544 1679 VIII
582 1637 772 1678 nimirum
809 1652 834 1679 e
870 1639 1083 1691 praesidiis
1119 1639 1331 1692 utriusque
1367 1639 1626 1688 Germaniae,

238 1696 461 1761 superioris
485 1694 803 1747 inferiorisque,
841 1708 917 1748 pro
955 1696 1220 1748 dispositione
1251 1696 1451 1748 Augusti,
1486 1708 1629 1736 nume-

239 1757 330 1794 rant
362 1752 529 1792 Tacitus
558 1749 650 1803 ***)
681 1757 803 1803 atque
831 1752 918 1790 Dio.
947 1750 1068 1806 ****)
1105 1753 1181 1792 His
1217 1765 1344 1793 novae
1381 1752 1484 1792 aliae
1522 1750 1630 1793 duae

241 1812 500 1849 accesserant
526 1819 576 1847 ex
604 1806 718 1846 Italia
747 1820 876 1859 nuper
905 1810 1178 1860 conscriptae,
1211 1807 1254 1848 in
1280 1821 1463 1875 ‘quarum
1500 1809 1632 1849 altera

240 1866 390 1907 meruit
418 1863 610 1905 Velleius.
671 1863 871 1915 Reliquae
899 1862 938 1904 V
968 1870 1084 1903 erant
1111 1865 1428 1916 provinciarum,
1467 1865 1510 1905 ιιι
1540 1866 1630 1917 qui-

240 1922 319 1962 bus
348 1921 499 1961 bellum
528 1919 760 1973 gerebatur,
791 1919 1037 1971 singularum
1066 1920 1262 1972 singulae,
1290 1909 1479 1961 du'arum
1481 1935 1630 1976 nempe

242 1977 516 2027 Moesiarum,
564 1976 816 2027 duarumque
855 1976 1042 2016 similiter
1079 1977 1402 2030 Pannoniarum,
1439 1991 1531 2020 cum
1569 1979 1630 2019 le-

243 2036 366 2088 gione
393 2034 463 2074 illa
491 2030 538 2088 †)
569 2032 814 2085 semiplena,
850 2032 963 2072 cuius
999 2034 1183 2074 meminit
1212 2033 1419 2085 Velleius,
1462 2037 1506 2075 in
1540 2035 1630 2088 ipsa

243 2092 367 2134 etiam
402 2089 612 2130 Delmatia.
676 2089 803 2129 Immo
851 2089 963 2129 illum
1009 2091 1363 2131 transmarinarum
1407 2091 1632 2145 provincia-

241 2161 332 2189 rum
369 2147 591 2188 exercitum
628 2158 653 2185 e
691 2144 729 2185 V
771 2145 993 2197 legionibus
1038 2146 1166 2187 fuisse
1205 2148 1444 2215 conflatum,
1509 2149 1628 2189 testis

242 2204 344 2258 ipse
360 2203 541 2245 Velleius
572 2206 648 2242 est.
678 2199 760 2255 -Η-)
801 2202 1106 2243 Transmarinas
1143 2205 1367 2256 provincias
1398 2205 1537 2245 ltaliae
1565 2218 1631 2246 re-

246 2265 388 2315 spectu
429 2259 652 2307 intellexit,
692 2264 802 2298 trans
846 2273 955 2299 mare
994 2260 1182 2299 nimirum
1210 2261 1471 2301 Adriaticum.
1529 2263 1630 2303 Erat

246 2319 354 2358 enim
375 2318 432 2375 A.
461 2317 531 2357 ille
556 2315 731 2356 Caecina
760 2315 926 2356 alterius
949 2315 1110 2369 Mysiae
1134 2318 1380 2371 praefectus,
1410 2331 1487 2359 nec
1508 2318 1629 2373 longe

337 2510 376 2576 :2
400 2507 658 2587 ⁸⁰⁸²⁰¹¹nTib¹1
673 2518 750 2552 cap.
779 2508 837 2544 16.

334 2555 670 2667 ἱζῇνιὲιιρῑιξῖὴιηιηῖ
700 2555 881 2636 fizi'ssffl'

334 2693 376 2736 ι)
399 2646 890 2738 v³01¹13¹iii¹i'11¹3v‹}a‡¹.¹'1i{⁵3'

331 2739 402 2783 ††)
428 2739 516 2773 Van.
543 2738 604 2773 nb.
638 2739 682 2775 11.
716 2750 790 2784 cap.
823 2739 903 2775 112.
