1728 3054
579 191 1121 236 PRAEFATIO
1468 184 1540 230 'XV

158 316 246 371 tet,
287 310 365 371 qui
406 310 543 354 talem
587 308 629 353 ei
664 308 971 352 recensionem
1013 307 1189 352 tribuat.
1258 305 1371 360 Quis
1418 305 1537 350 enim

0 383 21 390 '⁴
82 410 85 411 ν
158 381 303 426 minus
336 376 619 425 coniectandi
654 373 828 420 libidini
858 374 1063 433 indulsit,
1112 381 1188 419 aut
1220 374 1318 432 quis
1355 371 1534 432 antiqna'

158 449 431 494 monimenta
464 445 669 490 tractavit
700 443 986 505 religiosius?
1018 444 1240 488 Puteanus
1275 441 1336 486 ad
1363 442 1422 488 11.
1451 442 1533 486 25.

159 507 274 562 inter
305 514 476 563 Velleii
516 518 803 573 corruptores
841 512 1041 556 nominat
1087 512 1344 558 Heleanum
1385 526 1529 570 quen-

159 586 292 644 dam,
321 577 435 629 mihi
459 582 758 642 incognitum:
800 580 928 641 quod
960 581 1246 641 depravavit
1274 579 1530 635 Heleunus,

158 654 256 699 sive
283 651 488 713 quisquis
516 650 640 695 alius
658 648 999 710 posterioribus
1028 648 1306 694 editionibus
1337 664 1531 694 manum

158 721 380 768 admovit.
413 718 509 764 Sed
538 720 792 778 quicunque
815 717 1061 763 Basileensi
1090 718 1158 762 illi
1185 713 1367 763 editioni
1393 733 1529 778 prae-

151 790 268 846 fuit,
302 786 354 849 *J
386 788 567 833 fatearis
605 801 786 833 necesse
822 792 909 842 est,
956 792 1137 832 acutum
1170 793 1216 830 et
1258 786 1530 845 perdoctum

152 857 388 904 hominem
412 857 561 912 fuisse,
593 855 640 900 in
664 869 757 915 quo
785 854 920 911 nihil,
952 855 1031 899 nisi
1054 855 1333 910 effrenatam,
1359 855 1418 900 de
1441 871 1531 915 qua

160 926 371 984 diximus,
416 925 652 970 audaciam
689 923 1006 984 reprehendas,
1085 924 1203 970 Cum
1237 923 1374 984 igitur
1412 924 1530 972 haec

156 996 319 1052 editio,
369 993 406 1038 si
437 993 580 1038 minus
608 993 772 1038 Velleii
798 1006 1003 1048 manum,
1047 1000 1093 1037 at
1133 999 1254 1039 certe
1291 993 1416 1051 quod
1455 994 1528 1037 iu·-

154 1064 301 1125 telligi
341 1069 517 1123 posset,
562 1058 815 1117 exhiberet,
860 1062 958 1121 quis
987 1062 1197 1121 miretur,
1241 1077 1341 1106 eam
1378 1078 1406 1105 a
1439 1062 1527 1106 do—

155 1133 237 1179 ctis
260 1131 538 1190 indoctisque
571 1131 736 1191 cupide
770 1137 996 1191 arreptam
1025 1145 1143 1189 esse,
1187 1130 1528 1176 Rhenanianam

155 1206 328 1258 autem,
367 1206 435 1244 tot
461 1201 683 1246 ulceribus
719 1205 983 1255 scatentem,
1027 1213 1209 1259 prorsus
1238 1201 1528 1261 neglectam?
1551 1222 1553 1224 ·

153 1270 324 1325 Immo,
365 1268 492 1328 quod
525 1269 671 1329 magis
709 1269 897 1324 mirere,
944 1275 1173 1326 sequentes
1210 1269 1378 1314 Velleii-
1409 1269 1525 1314 Edi-

153 1345 299 1394 tores,
334 1339 471 1383 etiam
501 1339 578 1397 qui
605 1337 760 1383 critici
789 1336 879 1383 dici
906 1335 1155 1396 haberique
1182 1338 1369 1390 vellent,
1405 1338 1526 1384 hanc

155 1407 449 1453 adulterinam
488 1422 599 1467 prae
634 1406 803 1452 sincera
842 1405 1052 1451 Rhenani
1089 1406 1405 1466 expresserunt}
1450 1409 1525 1452 Ia-

155 1482 247 1523 ctat
285 1475 471 1534 quidem
507 1475 811 1532 Burmannus3
866 1490 914 1519 se
950 1475 1174 1520 Velleium
1223 1475 1283 1519 ad
1329 1477 1524 1535 primam

154 1544 364 1589 Rhenani
401 1543 642 1588 editionem
664 1543 887 1604 exegisse.
956 1543 1049 1588 Sed
1086 1560 1157 1589 res
1191 1559 1280 1588 non
1321 1542 1524 1605 apparet.>

154 1612 260 1672 Ipse
297 1626 478 1671 quoque
519 1613 824 1656 Basileensem
861 1611 1249 1672 interpolationem
1293 1614 1523 1673 plerisque

154 1681 268 1727 locis
301 1686 474 1726 secutus
510 1688 599 1734 est,
642 1681 743 1724 satis
779 1680 974 1735 habens,
1020 1682 1193 1740 primae
1220 1681 1424 1727 editionis
1450 1684 1522 1728 le·-

155 1749 342 1804 ctiones‚
378 1764 494 1807 quae
528 1750 572 1792 in
599 1755 719 1793 textu
753 1748 864 1808 poni
891 1749 1139 1806 debebant,
1174 1751 1221 1794 in
1246 1752 1361 1796 notis
1391 1767 1521 1798 com-

152 1832 435 1865 memorasse.
505 1818 612 1873 Quo
651 1818 796 1877 magis
845 1818 1140 1864 necessarium
1181 1819 1311 1876 duxi,
1364 1837 1519 1867 verum

155 1892 201 1932 et
230 1897 495 1948 germanum
533 1885 779 1943 Velleium,
814 1886 956 1944 qualis
995 1887 1042 1930 in
1078 1887 1288 1933 Rhenani
1325 1890 1519 1937 editione

152 1956 337 2015 prodiit,
367 1955 551 1999 tandem
576 1954 815 2013 aliquando
844 1955 1072 2003 reducere.
1140 1958 1407 2018 Quanquam
1438 1976 1518 2005 ve-

151 2039 282 2080 reor,
312 2038 370 2068 ne
398 2022 512 2068 mihi
545 2024 770 2068 interdum
810 2023 1054 2069 irascantur
1088 2027 1190 2071 artis
1227 2028 1407 2073 criticae
1437 2045 1516 2074 ex—

151 2093 435 2157 pertes5qui
467 2091 631 2137 Velleii
657 2098 828 2136 textum
852 2093 1000 2137 multis
1029 2094 1140 2139 locis
1172 2095 1518 2156 mendosiorem,

151 2177 289 2220 quam
328 2166 424 2206 erat
456 2160 503 2204 in
534 2162 864 2206 Burmanniana
892 2167 938 2206 et
981 2162 1076 2207 aliis
1112 2163 1398 2222 editionibus,
1434 2168 1519 2212 de-

152 2230 312 2276 derim.
380 2228 475 2274 Sed
514 2231 579 2294 sic
611 2230 762 2275 facere
803 2230 1040 2275 Editorem
1082 2235 1398 2291 conveniebat,
1442 2236 1520 2295 qui

150 2313 242 2344 non
275 2298 512 2343 hominum
554 2298 828 2345 eruditorum
876 2300 1049 2345 somnia
1087 2301 1197 2348 dare
1237 2304 1394 2362 vellet,
1440 2304 1521 2352 sed

240 2516 279 2563 ²⁸²)
301 2517 564 2564 Sigismundum
588 2519 774 2558 Gelenium
803 2523 895 2558 hanc
924 2521 1111 2560 editionem
1134 2527 1310 2562 curavisse
1331 2529 1527 2574 suspicatur

150 2561 445 2610 Veoeenmeyeruu
475 2568 512 2603 iu
547 2568 660 2612 libro,
693 2570 754 2613 qui
785 2569 984 2606 inscribitur
1008 2573 1127 2607 Neuer
1150 2573 1316 2610 Litterar.
1338 2578 1527 2624 dunig-er,

150 2609 397 2692 gmlfflssklx'o.
423 2614 456 2651 1.
484 2625 567 2662 pag.
596 2614 631 2651 7.
661 2616 717 2652 ct.
751 2616 932 2653 Bardilius
962 2617 999 2654 in
1022 2618 1086 2656 lib.
1110 2630 1217 2666 supra
1248 2633 1331 2668 pog-
1365 2624 1444 2660 ΧΠ.
1474 2624 1526 2660 ci-
