1728 3054
200 180 289 222 248
511 176 558 218 C.
586 173 872 218 VELLEII
914 172 1315 216 PATERcULI

204 293 436 337 literarum
474 303 621 345 usus,
653 293 699 333 et
740 287 968 333 familiaris
1009 288 1261 334 animorum
1295 294 1389 342 erat
1421 289 1594 335 exerei-

209 351 336 406 tatio.
414 358 597 416 Itaque,
645 356 882 413 hercules,
925 358 1051 402 nulla
1096 373 1293 417 unquam
1335 359 1454 402 natio
1499 366 1594 404 tam

214 436 388 474 mature
423 427 608 472 consilio
642 426 756 471 belli
787 427 958 471 bellum
991 427 1152 482 iunxit,
1205 443 1259 473 ae
1295 427 1475 473 decreta
1507 444 1596 488 pa·-

177 498 361 548 6travit.
430 494 651 555 Oppressi
685 495 802 541 cives
835 496 1052 552 Romani,
1087 496 1297 541 trucidati
1330 497 1596 557 negociato-

217 581 316 622 res,
357 579 547 625 magnus
590 565 919 610 vexillariorum
971 580 1179 612 numerus
1226 565 1286 610 ad
1329 566 1598 612 internecio-

217 649 346 690 nem,
382 650 438 679 ea
470 635 516 678 iu
549 635 759 695 regione,
803 650 921 693 quae
954 628 1199 695 plurimum
1234 635 1292 679 ab
1326 636 1600 694 imperatore

220 705 400 760 aberat,
436 718 603 749 caesus.
674 702 914 764 Occupata
955 704 1085 748 armis
1122 703 1417 758 Macedonia3
1453 705 1602 749 omnia

221 779 268 819 et
308 774 355 817 in
399 772 607 817 omnibus
649 771 762 819 loeis
815 773 912 833 igni
955 774 1167 832 ferroque
1213 779 1395 820 vastata.
1478 773 1602 829 Quin

221 847 370 887 tantus
422 843 558 887 etiam
598 840 732 886 huius
774 842 887 886 belli
941 848 1084 887 metus
1128 842 1233 898 fuit,
1288 849 1338 899 ut
1397 843 1603 888 stabilem

221 911 352 955 illum
395 917 441 956 et
480 911 708 974 firmatum
763 916 988 955 tantorum
1030 909 1259 955 bellorum
1315 913 1605 972 experientia,

224 979 429 1026 Caesaris
461 980 657 1039 Augusti
700 977 899 1025 animum
933 985 1133 1039 quateret
1168 986 1304 1038 atque
1335 986 1534 1026 terreret.

362 1047 497 1094 CAP.
539 1048 658 1094 cxl.
710 1049 869 1094 Habiti
920 1050 1074 1108 itaque
1118 1048 1344 1104 delectus,
1409 1050 1608 1095 revocati

181 1170 184 1176 Ι
226 1117 428 1176 undique
473 1123 519 1162 et
563 1133 719 1163 omnes
762 1120 979 1171 veterani3
1030 1118 1138 1177 viri,
1191 1118 1505 1177 foeminaeque
1553 1133 1608 1164 ex

80 1186 364 1251 ,ks-rgseensu
401 1187 656 1232 libertinum
700 1194 886 1233 coactae
929 1187 1040 1232 dare
1086 1186 1287 1234 militem.
1355 1188 1526 1233 Audita
1562 1189 1609 1232 in

223 1247 382 1300 benatu
422 1270 511 1300 vox
552 1256 791 1316 principis,
847 1257 1030 1301 decimo
1076 1256 1182 1314 die,
1243 1256 1293 1301 m‘
1343 1262 1609 1313 caveretur,

221 1339 366 1386 posse
404 1324 583 1370 hostem
615 1325 662 1369 in
704 1324 836 1369 urbis
874 1326 1061 1370 Romae
1104 1325 1264 1370 vem're
1298 1331 1608 1386 conspectum.

227 1394 498 1446 Senatorum
544 1393 834 1454 equitumque
872 1394 1184 1446 Romanorum
1235 1401 1417 1443 exactae
1460 1395 1520 1444 ad
1561 1394 1612 1440 id

274 1533 471 1573 animorum
539 1538 618 1577 erat
679 1533 890 1575 exercitatio.

234 1579 439 1615 Animorum
491 1581 771 1616 exercitationem
816 1581 891 1615 cul-

234 1630 313 1660 tum
343 1627 476 1672 ingenii
505 1627 590 1662 dicit
612 1628 791 1662 locutione
813 1627 893 1661 Sal-

232 1672 386 1708 lustiana
429 1674 529 1709 Catil.
568 1674 603 1709 2.
641 1686 726 1718 pars
756 1674 894 1719 ingeni-

234 1731 306 1761 um,
332 1721 396 1754 alii
419 1732 540 1765 corpus
564 1722 777 1755 exercebant.
801 1719 894 1763 quod

235 1766 344 1801 etiam
366 1767 534 1810 expressit
558 1768 708 1801 Velleius
733 1768 760 1801 l.
780 1767 836 1802 13.
857 1767 893 1801 3.

235 1817 302 1848 aut
332 1825 454 1857 corpus
490 1815 673 1857 periculis,
712 1817 777 1848 aut
815 1814 894 1847 ani-

235 1870 331 1893 mum
369 1859 557 1904 disciplinis
597 1861 760 1894 exercuit.
802 1861 893 1894 Pro-

235 1905 424 1950 prietatem
457 1906 558 1940 verbi
589 1918 745 1940 exercere
767 1906 894 1940 melius

235 1951 405 1996 explicuit
437 1952 635 1987 Gronovius
668 1953 752 1987 Obs.
786 1952 892 1986 IL&-
911 1964 919 1981 ι

235 2009 320 2043 pag.
343 1997 426 2032 234.
449 2009 555 2043 quam
578 1999 702 2034 Burm.
727 1999 772 2033 ad
794 1999 831 2032 h.
843 1999 869 2032 l.

959 1533 1063 1582 dique
1094 1536 1130 1567 et
1159 1543 1275 1574 omnes
1313 1533 1479 1574 veterani,
1518 1531 1614 1574 Edit.

958 1591 1012 1624 pr.
1036 1584 1236 1625 revocatus,
1268 1579 1360 1623 quod
1393 1579 1517 1613 Editor
1541 1580 1615 1617 Ba-

958 1627 1014 1661 sil.
1052 1626 1212 1667 correxit.
1252 1626 1367 1673 Quem
1398 1630 1516 1664 tamea
1546 1636 1616 1659 non

959 1672 1078 1707 imiter
1099 1673 1135 1712 in
1158 1672 1283 1716 copula
1307 1677 1340 1711 et
1362 1673 1525 1710 tollenda.
1556 1671 1617 1710 Vi-

961 1719 1005 1753 de
1027 1721 1071 1755 ad
1095 1719 1140 1753 11.
1159 1718 1261 1752 8332.
1275 1719 1344 1752 Pro
1367 1719 1533 1760 revocati,
1555 1729 1617 1752 ca—

959 1777 1024 1806 ve,
1056 1777 1136 1799 cum
1159 1764 1316 1799 Acidalio
1339 1764 1471 1804 scribas
1494 1776 1617 1798 evoca-

960 1813 1001 1847 ti.
1026 1812 1142 1847 Tacit.
1169 1812 1261 1845 Hist.
1285 1811 1333 1845 11.
1349 1811 1406 1850 82.
1427 1822 1535 1856 agere
1555 1812 1618 1845 ‹le-

960 1860 1087 1900 lectus,
1120 1869 1284 1892 revocare
1320 1862 1512 1897 veteranos.
1554 1856 1619 1895 ubi

959 1905 1041 1939 vide
1065 1905 1117 1939 Cl.
1142 1906 1341 1938 Ernestum.

1006 1962 1075 1996 viri
1101 1963 1323 2007 feminaeque
1354 1971 1395 1994 ez·
1427 1972 1532 2000 censu
1553 1962 1618 2000 etc.

961 2008 1050 2042 Vide
1078 2009 1221 2043 Sueton.
1259 2008 1351 2053 Aug.
1391 2006 1452 2042 25.
1494 2010 1530 2043 et
1567 2006 1621 2041 ibi

281 2058 315 2098 §-
346 2054 382 2089 6.
409 2057 501 2099 Quin
534 2061 654 2092 tantus
682 2057 800 2096 etiam.
835 2056 896 2091 Sic

235 2106 332 2157 reete
355 2102 463 2137 edidit
486 2104 715 2158 Vascosanus.
738 2104 830 2138 Edit.
843 2115 896 2148 pr.

236 2159 322 2194 quta
344 2153 464 2183 tantus
488 2154 607 2184 etnam.

283 2210 320 2246 et
334 2209 558 2251 fortunatum
581 2212 758 2245 tantorum
790 2207 896 2245 bello-

239 2262 318 2292 ram
341 2255 566 2298 experientia.
590 2255 749 2299 Exempl.
769 2257 896 2288 vetust.

239 2298 367 2340 habet?
414 2305 448 2341 et
484 2303 679 2345 formatum
719 2305 897 2339 tantorum

242 2345 407 2384 bellorum
431 2351 496 2381 etc.
523 2348 626 2387 Forte
639 2349 824 2391 firmatum
846 2347 899 2380 le-

241 2393 395 2439 gendum
428 2398 490 2427 est.
533 2394 683 2430 Burrum.
718 2394 812 2428 Edit.
845 2405 898 2436 pr.

242 2443 278 2472 et
295 2440 519 2485 fortunatum
543 2445 718 2481 tantorum
742 2444 807 2476 etc.
827 2440 900 2478 Re-

243 2486 299 2518 cte'
331 2486 456 2520 Burer.
486 2487 681 2531 firmatum.
709 2486 832 2520 Cicero
857 2486 900 2519 de

242 2530 320 2564 Fin.
344 2532 404 2569 111.
427 2532 462 2569 8.
498 2545 703 2579 quemquam
725 2534 843 2568 stabili
866 2536 900 2566 et

232 2578 339 2621 firmo
373 2583 408 2618 et
444 2590 575 2624 magno
618 2581 755 2622 animo,
800 2591 902 2624 quem

236 2626 368 2668 sortem
415 2626 529 2659 virum
583 2626 728 2660 dicimus
745 2651 756 2668 ,
809 2626 903 2670 effici

238 2681 351 2716 posse.

267 2729 389 2766 ὈΔΡ.
415 2729 504 2764 cxl.
536 2730 573 2772 ἓ.
597 2729 631 2764 1.
655 2729 813 2766 revocati
834 2741 902 2764 un-

962 2055 1223 2090 Casaubonum.

1010 2113 1172 2152 militum.
1196 2111 1316 2156 Alias,
1339 2111 1495 2150 militem.
1519 2110 1622 2147 Ran-

964 2170 1052 2195 miv.

1010 2221 1156 2251 exactae
1191 2216 1240 2256 ad
1273 2216 1312 2250 id
1337 2215 1461 2256 bellum
1485 2225 1623 2259 operae.

961 2264 1161 2309 pollicitati.
1195 2264 1266 2302 Pro
1287 2262 1475 2307 pollicitati
1498 2261 1624 2295 Editor

964 2310 1076 2345 Basil.
1111 2320 1293 2358 perperam
1325 2308 1461 2352 scripsit
1489 2308 1624 2352 pollici-

966 2362 1037 2392 tae.
1063 2357 1229 2399 Reponez
1254 2361 1398 2388 exactae
1422 2355 1469 2388 ad
1491 2355 1529 2388 id
1553 2354 1624 2392 bel-

968 2405 1039 2437 lum
1061 2414 1188 2447 operae
1212 2413 1253 2435 ex
1274 2401 1533 2451 pollicitatione.
1558 2400 1626 2434 Ul-

951 2450 1073 2484 -timas
1104 2448 1259 2493 syllabas
1300 2459 1365 2481 one
1405 2459 1427 2482 a
1470 2445 1625 2490 sequenti

967 2497 1083 2530 omnia
1104 2495 1249 2533 haustas
1281 2505 1374 2534 esse,
1407 2491 1627 2527 manifestius

968 2547 1032 2584 est,
1057 2552 1163 2584 quam
1186 2544 1225 2575 ut
1246 2540 1382 2574 moneri
1406 2540 1543 2573 debeat.
1569 2539 1626 2572 Ex

965 2588 1213 2634 pollicitatione
1254 2587 1410 2622 formula
1452 2586 1628 2630 frequens,

968 2633 1173 2680 praesertim
1221 2633 1315 2676 apud
1354 2631 1626 2674 Iureconsultos,

969 2683 1011 2715 de
1035 2678 1276 2723 promissione,
1309 2690 1416 2722 quam
1448 2678 1527 2721 quis
1557 2677 1628 2710 rei-

970 2727 1134 2773 publicae
1157 2725 1252 2761 fecit.
1286 2724 1395 2770 Lapis
1416 2725 1512 2770 apud
1535 2723 1628 2758 Grn-
