1728 3054
222 207 347 244 chx
489 201 728 243 cARom
776 201 1349 249 MORGENSTERNH

338 308 567 354 Poenain
600 314 739 355 malos
770 326 893 364 sera,
932 314 1009 356 sed
1046 315 1202 368 aliqua.
1267 315 1444 356 Poenam
1481 317 1608 358 malos

222 383 381 418 seram,
411 369 486 408 sed
516 373 668 409 certam
697 371 893 411 mansisse
922 373 997 412 sub
1026 371 1216 421 Tiberio,
1245 372 1366 412 facil'e
1395 373 1608 414 credimus.

223 426 381 468 Multos
419 425 543 465 etiam
581 427 634 466 ob
674 427 797 468 vitam
834 427 1091 468 libidinosam
1120 441 1212 468 esse
1246 430 1428 482 punitos,
1471 435 1610 469 auctor

223 488 287 524 est
325 483 400 521 Dio
441 481 554 521 Cass.
594 482 721 524 LVII.
761 496 853 537 pag.
891 487 989 529 858.
1027 485 1201 525 Saevitia
1229 485 1404 525 hominis
1430 498 1480 525 eo
1507 490 1611 526 tem-

223 552 346 593 pore,
376 551 456 590 quo
483 538 667 580 Velleius
697 542 917 593 scriberet,
946 543 1122 583 nondum
1153 543 1250 583 satis
1279 547 1498 594 comperta.

339 607 402 646 Ex
430 606 495 646 his
524 607 709 648 omuibus
742 613 875 662 patet,
905 609 1107 652 Velleium
1141 610 1194 650 de
1220 609 1325 650 bona
1351 609 1521 662 reipubl.
1541 607 1613 648 ad-

224 664 519 704 ministratione
548 677 628 704 non
657 666 901 716 adulatorie,
941 669 1015 707 sed
1047 680 1144 706 vere
1173 667 1350 716 dixisse,
1385 667 1420 705 si
1450 666 1613 719 quidem

227 722 280 761 ad
310 720 439 774 prima
466 725 651 774 tempora
678 722 886 763 Tiberiani
913 725 1161 778 principatus
1191 728 1434 777 spectemus.
1480 724 1615 774 Atque

228 778 297 819 illa
338 778 522 829 quidem,
562 790 665 831 quae
703 780 755 820 de
783 781 998 821 vindicatis
1040 781 1090 820 ab
1127 781 1272 820 iniuria
1306 779 1614 831 magistratuum

226 835 444 888 provinciis
472 835 598 884 dicit,
638 835 796 888 aliaque
823 838 1037 889 nonnulla,
1075 838 1132 876 ita
1167 836 1329 887 retulit,
1370 841 1417 875 ut
1445 848 1511 875 res
1541 847 1616 888 per

228 897 360 949 totum
397 892 488 932 fere
519 891 677 932 Tiberii
716 894 931 947 imperium
966 907 1013 935 se
1049 894 1202 935 habuit.
1259 893 1363 934 Nam
1392 893 1615 944 provincia-

227 963 318 989 rum
347 949 578 1001 praesides,
620 950 688 1001 qui
717 951 822 990 bene
850 964 938 990 rem
968 954 1180 1003 gererent,
1210 962 1288 989 non
1318 950 1485 989 mutavit
1514 949 1616 988 Cae-

226 1020 322 1054 sar,
352 1010 396 1045 ut
424 1006 608 1059 plerique
638 1006 781 1047 iisdem
813 1008 986 1059 negotiis
1016 1007 1341 1056 insenescerent3
1363 1004 1403 1058 *)
1434 1010 1476 1044 et
1493 1018 1616 1057 quum

227 1063 448 1114 diligenter
474 1063 730 1116 provideret,
767 1077 820 1104 ne
850 1065 946 1117 quid
974 1065 1025 1104 ab
1053 1064 1103 1103 iis
1134 1069 1346 1116 perperam
1376 1063 1516 1111 fieret,
1546 1074 1617 1100 an-

227 1121 457 1159 ctoritatem
486 1133 599 1159 suam
627 1121 693 1159 vel
731 1121 773 1169 in
801 1121 1082 1161 remotissimis
1118 1121 1239 1160 terris
1278 1119 1465 1159 obtinuit.
1525 1117 1618 1157 Sin-

227 1177 359 1227 gulari
395 1176 609 1233 prudentia
645 1182 858 1218 nascentes
899 1178 1194 1218 coniurationes
1240 1177 1464 1227 oppressit,
1508 1174 1618 1214 sedi-

227 1235 359 1273 tiones
389 1237 548 1273 exortas
578 1235 812 1285 gravissime
842 1236 1043 1283 coercuit,
1082 1239 1124 1274 et
1152 1246 1204 1273 ne
1234 1233 1457 1280 orirentur,
1496 1232 1618 1271 sedu-

228 1291 268 1330 lo
299 1290 416 1330 cavit.
476 1290 582 1340 Quid
614 1291 771 1331 multa?
812 1292 891 1342 Qui
919 1292 959 1331 in
989 1293 1090 1332 urbe
1119 1294 1162 1330 et
1190 1289 1280 1329 aula
1309 1289 1432 1329 animi
1466 1288 1618 1340 pravis-

227 1347 320 1386 simi
365 1347 578 1387 affectibus
618 1360 743 1400 saepe
783 1349 1106 1401 obtemperaret:
1151 1347 1260 1385 idem
1305 1346 1344 1384 in
1389 1345 1617 1398 provinciis,

230 1404 312 1452 ubi,
340 1407 387 1443 ut
414 1408 527 1442 recte
561 1404 842 1444 animadvertit
869 1404 1142 1456 Fergusonus,
1159 1401 1225 1456 **)
1257 1415 1377 1441 uuum
1406 1406 1617 1453 peccatum

230 1461 392 1513 imperii
419 1461 577 1499 ruinam
605 1461 757 1500 ducere
788 1465 948 1514 posset,
989 1459 1260 1514 gubernacula
1295 1457 1466 1512 reipubl.
1498 1470 1619 1498 manu

230 1518 418 1558 tractavit
445 1517 562 1557 firma
591 1522 714 1569 atque
741 1518 885 1570 perita.

347 1574 395 1614 ΙΙ.
425 1577 520 1616 129.
566 1573 771 1623 Velleius,
809 1575 1018 1627 proposita
1054 1574 1167 1627 quasi
1206 1573 1393 1612 universa
1421 1570 1619 1625 principa-

231 1636 300 1673 tus
329 1631 486 1686 Tibefii
516 1630 707 1686 Caesaris·
729 1632 882 1680 forma,
911 1631 1081 1684 singula
1112 1635 1313 1671 recenset.

351 1689 445 1738 Qua
471 1688 541 1729 ille
567 1688 801 1742 prudentia
820 1688 1162 1742 'Rhascupolim,
1190 1689 1502 1727 interemtorem
1520 1684 1621 1737 fra-

235 1746 313 1786 tris
349 1746 420 1785 sui
439 1745 533 1797 filii
561 1745 724 1798 Cotyis,
764 1746 1051 1798 consortisque
1084 1743 1272 1784 eiusdem
1299 1743 1489 1795 imperii,
1528 1754 1622 1781 evo-

234 1803 357 1842 cavit.
416 1801 640 1842 verissime
667 1803 778 1843 dicit.
832 1803 1050 1853 Egregiam
1079 1801 1236 1842 Tiberii
1256 1801 1304 1840 *in
1333 1801 1409 1839 hac
1437 1812 1484 1838 re
1513 1810 1622 1838 com-

226 1859 419 1913 ponenda
446 1859 704 1911 prudentiam
734 1871 784 1897 ex
814 1858 961 1898 Tacito
989 1858 1194 1904 discimus,
1225 1858 1294 1908 qui
1321 1857 1425 1897 Anu.
1450 1855 1501 1896 ll.
1532 1866 1619 1906 cap.

231 1920 303 1958 64.
333 1917 401 1958 65.
434 1919 560 1955 totam
594 1928 774 1954 caussam
803 1916 982 1968 exponit.
1010 1913 1104 1969 ***)
1162 1914 1352 1953 Adiicere
1388 1913 1511 1952 etiam
1546 1923 1622 1963 po-

234 1974 381 2014 tuisset
416 1971 600 2012 Velleius
638 1972 797 2011 laudem
833 1972 984 2022 iustae,
1023 1974 1069 2010 ut
1110 1971 1209 2010 mihi
1247 1971 1409 2022 quidem
1448 1968 1622 2016 videtur,

234 2030 481 2080 sententiae,
521 2042 599 2081 qua
628 2029 818 2068 Tiberius
848 2027 1098 2081 Rhascupoli
1136 2026 1448 2081 (Rhescuporin
1483 2024 1622 2077 appel-

240 2088 298 2127 lat
338 2085 535 2140 Tacitus,)
575 2087 664 2124 iure
713 2086 924 2131 damnato,
961 2093 1007 2124 ut
1042 2084 1184 2137 procul
1222 2096 1350 2134 reguo
1399 2086 1623 2130 teneretur,

238 2143 455 2183 Thraciam
486 2143 528 2182 in
556 2142 874 2182 Rhoemetalcen
902 2142 1052 2189 filium,
1091 2153 1211 2193 quem
1239 2139 1418 2192 paternis
1447 2137 1623 2178 consiliis

238 2203 494 2241 adversatum
524 2204 748 2247 constaret,
777 2201 899 2249 inque
928 2199 1079 2237 liberos
1110 2197 1250 2250 Cotyis
1281 2197 1428 2236 divisit.

351 2281 407 2287 —
449 2262 607 2310 quanta
633 2257 872 2309 gravitate,
910 2261 956 2295 ut
991 2260 1166 2294 senator
1205 2259 1246 2294 et
1278 2252 1432 2304 iudex,
1462 2263 1545 2292 non
1575 2255 1622 2290 ut

228 2316 451 2369 princeps,
481 2314 557 2367 [et]
593 2327 748 2353 causas
778 2313 970 2366 pressius
1001 2311 1148 2351 audit!
1177 2310 1295 2352 Conf.
1324 2309 1422 2349 Tac.
1459 2310 1562 2349 Ann.
1591 2307 1622 2347 1.

328 2505 367 2549 *)
391 2505 508 2540 Tacit.
530 2504 617 2539 Anu.
642 2504 671 2538 1.
697 2503 755 2538 80.
777 2504 837 2538 lv.
861 2503 896 2539 6.
920 2503 1037 2548 ibique
1062 2502 1253 2537 Ernestius.

326 2563 384 2604 **)
414 2563 564 2607 Ilistory
592 2562 633 2595 of
661 2562 721 2595 the
751 2563 920 2607 Progress
951 2562 1020 2597 and
1050 2560 1294 2603 Termination
1324 2558 1366 2593 of
1395 2556 1456 2592 the
1482 2556 1624 2590 Roman

235 2608 423 2652 Republic.
449 2609 554 2643 Book
585 2608 643 2643 lv.
667 2609 781 2652 Chap.
805 2609 840 2643 6.

329 2676 405 2720 ***)
431 2678 517 2721 Cap.
541 2676 599 2711 64.
624 2676 672 2712 in.
697 2677 866 2720 Tacitus,
898 2676 941 2710 de
973 2675 1047 2711 alia
1080 2675 1232 2720 quadam
1255 2685 1294 2709 re
1316 2674 1480 2717 loquens,
1514 2670 1624 2705 Tibe-

235 2722 329 2756 rium
353 2723 438 2757 dicit
461 2719 660 2767 laetiorem,
691 2725 775 2769 quia
795 2734 919 2770 pacem
941 2723 1116 2769 sapientia
1134 2723 1336 2768 firmasset,
1372 2731 1477 2767 quam
1500 2719 1531 2754 si
1553 2718 1624 2753 bel-
1698 2726 1701 2729 ’

236 2771 308 2810 lum
330 2781 396 2814 per
419 2770 511 2804 acies
535 2771 745 2815 confecisset.
791 2788 794 2790 ,
