1728 3054
263 251 331 291 ‘26

578 245 622 287 C.
653 242 929 285 VELLEII
968 242 1357 287 PATERGULI

269 366 476 416 textatos,
511 374 613 418 quov
640 365 846 418 tempore
880 358 1109 405 victoriam
1145 359 1334 420 adeptus
1366 366 1446 417 est,
1478 361 1646 411 habuit.

227 431 310 474 4ls
347 445 447 474 cum
495 429 540 473 in
585 430 804 474 concione
852 434 973 472 extra
1008 430 1192 486 urbem,
1239 444 1365 475 more
1412 432 1644 491 maiorum,

267 505 367 542 ante
400 497 618 558 triumphi
653 497 800 552 diem,
837 497 1038 541 ordinem
1075 504 1274 544 actorum
1310 514 1488 545 suorum
1516 514 1645 545 com—

263 572 558 622 memoraret,
602 566 724 610 Deos
770 566 1043 611 immortales
1097 574 1303 627 precatus
1349 575 1439 624 est,
1483 574 1556 625 ut,
1610 569 1645 613 si

262 637 361 694 quis
395 650 551 681 eorum
584 635 800 680 invideret
839 636 1050 696 operibus
1094 651 1148 682 ac
1182 633 1389 683 fortunae
1421 652 1550 694 suae,
1597 638 1644 682 in

222 706 411 765 fiipsum
445 705 595 764 potius
629 706 870 761 saevirent,
915 720 1050 763 quam
1098 706 1143 749 in
1187 720 1330 766 remp.
1374 706 1504 762 Quae
1539 720 1640 762 vox,

260 774 399 818 veluti
443 775 626 820 oraculo
675 774 852 832 emissa,
901 789 1067 834 magna
1114 781 1243 834 parte
1287 789 1390 820 eum
1433 775 1642 835 spoliavit

258 843 482 904 sanguinis
516 843 594 888 sui.

661 843 778 888 Nam
814 842 1002 888 alterum
1038 858 1092 888 ex
1123 843 1235 900 suis,
1278 858 1392 903 quos
1425 844 1470 889 in
1505 844 1640 888 fami-

255 912 318 956 lia
351 913 618 967 retinuerat,
665 911 836 967 liberiS,
884 917 986 956 ante
1031 926 1201 971 paucos
1239 912 1476 972 triumphi3
1522 913 1639 958 alte—

255 996 355 1026 rum
390 987 496 1041 post
527 980 763 1042 pauciores
799 980 939 1024 amisit
976 980 1083 1026 dies,
1142 982 1319 1042 Aspera
1365 983 1486 1028 circa
1519 981 1638 1027 haec

253 1057 462 1111 tempora
509 1064 694 1097 censura
736 1049 884 1094 Fulvii
930 1048 1087 1095 Flacci
1133 1055 1179 1094 et
1221 1050 1441 1096 Postumii
1483 1051 1638 1096 Albini

250 1120 347 1164 fuit.

418 1120 605 1180 Quippe
641 1118 786 1164 Fulvii
824 1119 1014 1164 censoris
1038 1118 1201 1176 frater,
1236 1125 1281 1164 et
1315 1119 1499 1177 quidem
1522 1134 1635 1165 con-

246 1191 370 1244 sors,
416 1189 497 1234 Cn.
536 1187 745 1243 Fulvius,
800 1194 953 1232 senatu
998 1194 1143 1233 motus
1187 1194 1251 1231 est
1294 1188 1353 1233 ab
1388 1188 1440 1233 iis
1474 1202 1634 1235 censo-

245 1258 379 1304 ribus.

349 1323 575 1372 CAP-XI.
595 1324 704 1368 Post
726 1324 889 1368 victum
910 1329 1182 1384 captumque
1202 1324 1392 1381 Persen,
1419 1325 1498 1384 qui
1515 1340 1631 1384 qua-

240 1394 448 1439 driennio
482 1397 588 1452 post
620 1392 665 1435 in
699 1392 844 1436 libera
865 1393 1066 1438 custodia
1083 1393 1230 1439 Albae
1249 1393 1451 1449 decessit,
1486 1394 1631 1438 Pseu-

246 1462 577 1523 dophilippus,
627 1476 655 1504 a
701 1460 939 1507 mendacio
983 1459 1214 1507 simulatae
1248 1461 1430 1522 originis
1465 1463 1630 1523 appel-

244 1533 381 1589 latus,
428 1531 506 1590 qui
550 1545 598 1575 se
631 1529 926 1590 Philippum,
971 1531 1218 1591 regiaeque
1261 1530 1406 1592 stirpis
1437 1530 1629 1590 ferebat,

239 1676 441 1718 finiendum.
480 1674 558 1712 Liv.
590 1674 695 1709 XLV.
724 1673 782 1708 40.
814 1674 902 1709 duo-

245 1725 307 1758 bus
334 1735 354 1759 e
368 1723 478 1767 filiis,
519 1733 621 1766 quos,
657 1721 787 1755 duobus
807 1722 901 1755 datis

242 1771 282 1804 in
333 1769 570 1813 adoptionem,
623 1765 711 1801 solo‘s
740 1768 899 1809 nominis,

242 1827 439 1856 sacrorum,
490 1813 721 1859 familiaeque
759 1814 902 1848 heredes

240 1862 435 1896 retinuerat
460 1860 562 1894 domi.
583 1859 761 1893 Plutarch.
790 1859 902 1896 Paulo

240 1919 327 1954 pag.
358 1907 440 1941 274.
474 1907 516 1940 A.
552 1901 619 1944 ciis
646 1903 707 1940 ἐπὶ
733 1907 800 1950 τῆς
839 1906 897 1940 οἰ-

240 1955 325 1995 'atas
347 1950 439 1997 εἶχεν
457 1952 522 1997 τῆς
538 1949 688 1988 ἑαυτοῦ.
713 1951 797 1985 Mox
819 1951 900 1984 Vel-

240 2000 345 2036 leius:
371 2011 453 2046 quos
472 2000 510 2034 in
524 1998 670 2042 familia
694 1999 897 2032 retinuerat.

287 2049 320 2090 §-
345 2046 380 2080 4.
412 2056 551 2080 suorum
579 2050 742 2078 actorum.
776 2045 815 2077 In
838 2055 897 2078 ve-

232 2094 334 2127 *tusto
360 2091 551 2135 exemplari
577 2096 731 2125 actorum
755 2101 896 2134 praece-

238 2139 291 2174 dit
311 2150 462 2174 suorum.
494 2138 638 2172 Bunssn.
672 2137 766 2181 [Pro
801 2141 896 2171 acto-

237 2197 316 2225 rum
348 2185 564 2220 Vascosanus
585 2182 691 2219 edidit
704 2185 894 2227 factorum.

237 2232 291 2266 Ex
314 2230 422 2275 Ana]

284 2283 345 2320 ut,
386 2278 417 2311 si
454 2277 531 2322 quis
569 2286 685 2310 eorum
723 2276 894 2310 invideret

238 2327 306 2358 etc.
328 2325 407 2358 Hoc
430 2323 481 2358 ita
503 2321 669 2366 expressit
691 2321 766 2355 Liv.
787 2321 890 2355 XLV.

227 2371 294 2408 41.
319 2371 411 2405 Mihi
434 2370 501 2414 ipsi
516 2369 626 2403 nimia
650 2369 722 2402 iam
742 2371 890 2412 fortuna

155 2438 177 2461 ⁴.
237 2428 317 2451 mea
375 2416 506 2458 videri,
575 2426 680 2460 eoque
732 2419 891 2458 suspecta

238 2475 322 2497 esse.
351 2481 398 2490 —
424 2463 514 2497 illud
539 2461 678 2506 optavi,
701 2466 759 2503 ut,
787 2472 890 2505 quum

236 2520 278 2542 ex
317 2521 447 2544 summo
489 2512 580 2543 retra
615 2508 707 2541 volvi
739 2510 889 2549 fortuna

236 2560 446 2598 consuesset,
476 2555 700 2589 mutationem
729 2555 801 2588 eius
828 2554 889 2587 do-

235 2613 311 2635 mus
338 2614 418 2636 mea
444 2602 583 2645 potius,
624 2611 728 2644 quam
764 2610 887 2643 respu-

234 2647 345 2690 blica,
390 2649 544 2683 sentiret.
598 2646 722 2682 Simile
765 2650 887 2680 votum

233 2693 375 2727 Camilli
412 2694 504 2738 apud
544 2692 621 2728 Liv'.
655 2693 696 2727 V.
727 2691 785 2727 21.
825 2692 887 2726 ubi

232 2739 365 2773 Velleio
385 2751 467 2774 usus
490 2743 541 2774 est
562 2738 773 2773 Gronovius.

279 2788 311 2830 5.
335 2784 369 2822 5ι
403 2788 552 2821 alterum
582 2797 623 2820 ea
651 2786 733 2822 suis.
763 2783 886 2820 Editor

967 1674 1079 1709 Basil.
1119 1673 1276 1719 scripsit:
1309 1675 1460 1711 alterum
1483 1688 1526 1715 ex
1560 1678 1624 1715 his.

969 1721 1060 1766 quod
1081 1731 1204 1754 verum
1231 1720 1380 1758 videtur.

1016 1773 1051 1803 et
1075 1768 1213 1812 quidem
1251 1779 1394 1803 consors.
1425 1768 1501 1807 mv.
1533 1771 1623 1807 XM.

967 1813 1027 1848 27.
1052 1814 1207 1859 Insignis
1237 1819 1323 1848 nota
1341 1815 1419 1858 suit
1446 1816 1505 1850 Gn.
1537 1817 1624 1852 Ful-

966 1860 1622 1945 sanetifzzeaffl’sis

1429 1932 1441 1949 9

965 1953 1073 1986 etiam
1101 1953 1250 1986 censoris
1281 1958 1369 1988 erat.
1406 1953 1467 1988 ubi
1493 1955 1537 1989 de
1571 1957 1618 1990 si-

964 1998 1187 2043 gnificatione
1219 1998 1316 2032 vocis
1347 2011 1500 2043 consors,
1540 2006 1621 2046 post

963 2045 1155 2078 Burmann.
1180 2045 1226 2078 ad
1253 2044 1289 2079 h.
1313 2045 1338 2080 Ι.
1362 2046 1440 2091 agit
1460 2047 1620 2083 Draken-

963 2091 1138 2125 borchius.
1162 2090 1232 2124 Sed
1255 2091 1374 2127 omnia
1398 2093 1441 2127 de
1462 2093 1532 2127 hoc
1553 2106 1618 2129 vo-

963 2138 1089 2171 cabulo
1121 2140 1200 2170 ante
1223 2140 1411 2182 utrumque
1445 2140 1619 2184 exquisita

961 2194 1042 2217 cum
1064 2183 1258 2219 eruditione
1283 2183 1419 2221 dixerat
1450 2186 1523 2222 Iac.
1545 2188 1616 2222 Gu-

959 2229 1071 2265 iacias
1095 2230 1241 2264 Observ.
1263 2230 1302 2266 V.
1323 2231 1386 2264 1⁰.

1012 2277 1074 2310 Cn.
1108 2276 1263 2312 Fulvius.
1304 2276 1392 2311 Vide
1423 2277 1545 2323 Sigon.
1577 2283 1614 2315 et

959 2322 1089 2358 Duker.
1113 2323 1157 2360 ad
1181 2323 1259 2356 Liv.
1281 2322 1354 2357 XI..
1377 2323 1435 2359 41.

1004 2369 1104 2403 CAP.
1129 2369 1189 2403 XI.
1213 2371 1247 2411 ς.
1271 2368 1305 2402 1.
1340 2369 1476 2404 Persen.
1501 2371 1612 2417 Alias,

958 2416 1129 2450 Perseum.
1153 2415 1326 2451 Rnnnan.

1002 2461 1276 2506 quadriennium.
1315 2462 1525 2506 Exemplum
1546 2475 1611 2498 vo-

953 2510 1084 2541 tustum
1105 2507 1233 2542 habeti
1268 2509 1503 2553 quadriennio.
1533 2509 1609 2545 Bu-

954 2565 1040 2588 nna.

1000 2600 1060 2644 qui
1089 2609 1125 2633 se
1159 2599 1379 2644 Philippum,
1418 2603 1606 2648 regiaeque

952 2646 1068 2691 stirpis
1082 2647 1233 2687 serebat.
1256 2646 1382 2681 lisdem
1400 2660 1508 2693 prope
1528 2660 1609 2683 ver-

951 2691 1005 2727 bis
1030 2691 1175 2726 Liviana
1207 2692 1298 2735 Epit.
1329 2693 1387 2729 49.
1419 2696 1607 2730 Andriscus

951 2739 1114 2784 quidam,
1162 2739 1308 2773 ultimae
1349 2742 1451 2775 sortis
1493 2742 1604 2784 homo,

954 2785 1072 2820 Persei
1092 2785 1189 2830 regis
1209 2796 1247 2820 ec
1262 2786 1376 2830 filium
1394 2789 1515 2831 ferens
1536 2785 1601 2822 etc.
