1728 3054
299 235 382 276 loo

294 346 501 392 clamavit
531 349 731 396 universa
760 355 958 412 concio,v
982 356 1081 418 Te„
1108 359 1167 424 Q.
1180 343 1368 423 Catule.

599 235 648 276 G.
681 234 964 284 vnnhml
994 218 1465 313 1PATERGUL1⁴352

1417 370 1556 435 *Tum
1580 375 1662 421 ille

291 415 431 459 victus
475 429 689 464 consensu
727 424 948 481 omnium,
993 433 1038 472 et
1077 435 1167 477 tam
1197 433 1447 495 honorifico
1478 441 1659 499 civitatis

250 482 567 542 2testimonio,
614 502 641 532 e
670 492 886 538 concione
916 493 1124 544 discessit.
1191 501 1281 549 Hic
1312 504 1501 566 hominis
1531 499 1657 557 vere-

291 550 528 610 cundiam,
561 559 731 616 *populi
760 560 964 608 iustitiam
994 567 1142 613 mirari
1163 565 1299 621 libet:
1342 563 1496 637 Ῑιιιὶιιει,Ι
1531 581 1656 639 quod

286 633 377 664 non
411 621 528 667 ultra
567 627 811 682 contendit;
852 631 1021 693 plebis,
1066 638 1190 695 quod
1226 640 1575 704 dissuadentem,
1611 656 1656 694 et

285 687 585 740 adversarium
614 696 847 745 voluntatis
871 716 997 759 suae,
1033 719 1140 751 vero
1169 710 1419 766 testimonio
1445 715 1654 770 fraudare

244 754 274 794 3
282 756 438 819 noluit.

526 761 615 806 Per
649 765 770 810 idem
810 772 985 829 tempus
1025 773 1158 820 Cotta
1210 779 1435 827 iudicandi
1480 799 1652 842 munuS‚

282 826 408 883 quod
473 829 524 875 C.
582 831 816 882 Gracchus
861 846 1063 899 ereptum
1102 848 1295 904 senatui,
1349 851 1407 895 ad
1467 848 1651 911 equites,

278 894 407 939 Sulla
434 898 491 941 ab
517 898 605 944 illis
636 903 695 946 ad
725 910 922 951 senatum
949 914 1274 972 transtulerant,
1309 922 1551 978 aequaliter
1579 924 1650 967 in·-

276 969 345 1007 ter
385 971 623 1026 utrumque
668 971 871 1019 ordinem
919 979 1103 1035 partitus
1143 990 1219 1029 est.
1293 985 1422 1033 'Otho
1458 986 1650 1037 Roscius

239 1027 382 1093 4lege
413 1049 490 1079 sua
521 1038 738 1096 equitibus
769 1042 813 1086 in
848 1042 1025 1090 theatro
1060 1049 1164 1095 loca
1201 1054 1396 1112 restituit,
1465 1060 1526 1103 At
1565 1060 1647 1105 Cn.

270 1101 530 1161 PompeinS‚
565 1108 714 1153 multis
742 1117 787 1155 et
818 1114 1058 1171 praeclaris
1087 1119 1188 1174 viris
1214 1121 1261 1166 in
1283 1122 1332 1169 id
1359 1115 1532 1185 bellum
1563 1129 1650 1175 ad-

269 1171 446 1229 sumtis,
481 1172 797 1236 descriptoque
833 1181 878 1224 in
909 1185 1075 1230 omneis
1112 1202 1309 1236 recessus
1347 1195 1478 1240 maris
1508 1211 1646 1256 prae-

267 1238 382 1284 sidio
410 1241 603 1301 navium,
642 1245 780 1303 brevi,
813 1248 1136 1312 inexuperabili
1164 1272 1299 1305 manu
1324 1266 1544 1311 terrarum
1567 1281 1645 1311 or-

310 1377 344 1418 §—
367 1374 402 1412 3.
435 1372 504 1420 Per
531 1378 623 1421 idem
646 1385 791 1427 tempus.
814 1383 923 1420 Tales

261 1419 438 1463 formulae
463 1422 501 1456 in
532 1425 718 1461 Histoi-icis
746 1428 923 1474 pinguius,

262 1466 337 1501 sive
377 1468 538 1512 populari
589 1474 741 1515 quadam
786 1477 922 1511 ratione

261 1512 452 1558 capiendae
474 1519 564 1551 sunt.
585 1518 705 1563 Neque
728 1520 822 1556 enim
839 1523 920 1557 Vel—

257 1558 348 1603 leius
370 1561 503 1596 nescire
522 1565 654 1607 potuit,
683 1566 813 1612 Legem
845 1570 919 1604 Au·

257 1605 386 1641 reliam
407 1607 547 1644 biennio
568 1615 670 1655 ante,
692 1612 860 1658 Pompeio
881 1619 916 1650 et

258 1652 385 1687 Crasso
421 1655 536 1698 coss„
579 1657 692 1692 latam
733 1670 819 1695 esse.
874 1660 914 1696 ld

255 1703 424 1734 annotare
463 1701 576 1736 visum
608 1708 661 1738 est
699 1710 840 1750 propter
870 1708 912 1744 P.
942 1727 949 1737 »

254 1744 475 1789 Manutium,
515 1748 576 1792 qui
607 1751 650 1784 de
683 1751 806 1798 Legib.
836 1764 910 1797 cap.

254 1790 311 1825 15.
358 1792 472 1826 minus
517 1795 731 1831 considerate
770 1799 910 1833 scribit:

252 1837 396 1871 Videtur
416 1839 641 1885 Paterculus,
663 1842 729 1878 n'i'si
753 1845 910 1879 mendosi

249 1882 335 1917 libri
355 1887 453 1927 sunt,
487 1896 599 1929 neque
620 1890 775 1934 tempus,
798 1902 910 1935 neque

250 1930 456 1964 sententiam
496 1931 601 1966 huius
632 1934 723 1980 legis
754 1938 907 1980 perfecte

249 1975 400 2010 novisse.
424 1976 477 2010 De
488 1979 665 2020 ,sententia
687 1984 815 2025 tamen,
824 1994 904 2017 mox

249 2031 289 2056 se
300 2017 453 2057 'revocat
473 2022 548 2068 ipse
567 2025 758 2062 Manutius.

293 2079 386 2115 inter
404 2085 588 2128 utrumque
608 2084 772 2125 ordinem.
804 2085 904 2122 Cotta

246 2125 391 2169 quidem
423 2127 504 2173 lege
543 2139 607 2164 sua
643 2126 771 2166 iudicia
814 2131 904 2168 inter

244 2173 317 2216 tres
346 2172 503 2216 ordines,
541 2178 718 2219 senatum,
758 2177 901 2222 equites,

243 2222 281 2252 et
303 2217 459 2254 tribunos
481 2222 636 2261 aerarios
665 2224 901 2259 communica-

242 2267 311 2299 rat.
357 2264 428 2300 Sed
458 2266 641 2310 scriptores
662 2280 766 2314 saepe
787 2270 899 2305 tribu-

241 2320 369 2346 norum
424 2313 638 2349 aerariorum
689 2316 899 2351 mentionem

241 2356 432 2401 omittunt,
461 2361 499 2393 ut
531 2358 684 2396 Velleius
719 2362 756 2396 h.
781 2363 806 2396 1.
838 2363 897 2398 Ciss

240 2413 321 2438 cero
363 2414 427 2448 pro
469 2405 606 2441 Cluent.
657 2407 714 2444 43.
753 2408 810 2451 47.
861 2411 896 2444 et

241 2448 454 2484 scholiastes
493 2452 539 2486 ad
571 2453 642 2488 Cie.
681 2455 756 2490 Act.
787 2455 814 2489 1.
856 2455 893 2491 in

239 2494 336 2529 Verr.
359 2496 391 2530 1.
422 2508 491 2531 non
520 2494 614 2543 'q'uod
641 2500 772 2535 tribuni
793 2512 894 2536 aera-

236 2540 284 2574 rii
313 2542 469 2585 equitum
501 2546 639 2593 nomine
663 2548 890 2591 comprehen-

235 2581 374 2630 duntur,
397 2592 437 2624 ut
458 2601 642 2637 perperam
663 2593 787 2628 scribit
806 2594 888 2631 Aut.

233 2632 418 2678 ,Augustim
458 2637 500 2670 de
542 2638 666 2693 Legib.
706 2650 739 2675 v.
775 2640 889 2675 Aure-

229 2679 309 2720 lia3
338 2683 400 2714 aut
429 2683 522 2725 quod
553 2685 770 2723 tribunorum
801 2687 886 2721 ordo

228 2735 303 2768 nou
322 2733 545 2772 numeratur,
576 2734 614 2765 ut
647 2735 744 2767 sexta
764 2732 886 2776 classis

234 2781 356 2808 census
377 2773 555 2818 Tulliani,
583 2789 673 2822 quae
695 2779 747 2814 Cl.
770 2779 883 2820 Erne-

950 2044 954 2050 “
970 2042 1086 2081 verbo
1130 2051 1282 2086 restituit
1291 2077 1302 2095 ,

989 1435 1157 1488 Auselicu
1188 1439 1248 1475 sed
1275 1442 1366 1485 quod
1396 1455 1440 1478 ex
1470 1457 1529 1491 re,
1551 1459 1641 1492 quae

985 1483 1138 1524 potiores
1157 1487 1465 1534 partesc'outiuet,
1487 1496 1561 1528 tota
1583 1495 1640 1530 res

986 1526 1193 1570 appellatur.
1224 1531 1311 1566 Vide
1347 1534 1391 1570 de
1420 1537 1490 1572 hae
1512 1537 1638 1575 indici-

983 1583 1084 1607 orum
1113 1575 1337 1612 translatione
1361 1584 1541 1626 praeclare
1565 1586 1638 1622 dis-

979 1622 1161 1701 ggtautem
1176 1622 1358 1661 nukorum
1379 1629 1425 1664 ad
1446 1630 1632 1677 Liv.1·:pit.

1033 1725 1078 1764 Ut
1116 1725 1311 1767 Hor-ossius.
1351 1730 1469 1775 Alias,
1498 1738 1533 1769 et
1555 1734 1631 1771 Ho-

976 1771 1114 1806 roscz'us.
1151 1773 1293 1812 Runa.
1321 1776 1433 1823 Turpi
1455 1778 1543 1814 vitio
1573 1777 1628 1825 prss

975 1813 1113 1852 Editio:
1133 1824 1172 1853 ut
1194 1821 1391 1858 Horoscius.
1425 1824 1502 1864 Nou
1523 1826 1629 1873 longe

975 1872 1099 1900 alveto
1119 1865 1217 1900 abest
1236 1867 1357 1902 Editor
1371 1869 1480 1907 Basil.
1491 1871 1627 1916 legens:

972 1912 1014 1943 ut
1035 1907 1186 1945 Roscius.
1205 1911 1280 1948 'Sed
1301 1914 1420 1950 Claud.
1438 1917 1625 1962 Puteanus,

971 1963 1040 1988 una
1071 1957 1204 1991 tantum
1233 1958 1336 1996 litera
1364 1965 1517 2005 mutatu,
1563 1975 1625 1999 ve-

968 1999 1106 2036 rissime
1141 2003 1298 2048 scripsit:
1339 2006 1427 2043 Otho
1467 2008 1623 2046 Roscius.

1358 2064 1428 2098 quo
1471 2054 1624 2092 Velleius

969 2102 1051 2127 usus
1073 2096 1137 2135 est,
1159 2095 1265 2131 etiam
1287 2096 1324 2133 iu
1341 2098 1410 2133 hac
1429 2099 1510 2146 lege
1526 2112 1624 2137 com-

966 2140 1194 2176 memoranda
1235 2142 1292 2178 bis
1342 2144 1453 2181 utitur
1498 2146 1621 2184 Cicero

965 2194 1030 2227 pro
1050 2185 1187 2221 Muren.
1210 2187 1267 2224 19.
1300 2192 1340 2224 ut
1371 2190 1538 2234 credibile
1558 2193 1617 2238 sit,

964 2230 1056 2274 quod
1077 2231 1220 2268 Puteau.
1241 2235 1457 2281 suspicatur,
1488 2239 1620 2284 equites

965 2275 1150 2319 aliquando
1179 2283 1258 2315 ante
1289 2280 1383 2316 hauc
1410 2283 1526 2328 legem
1560 2297 1616 2320 se-

944 2322 1096 2366 ‘paratis
1127 2335 1149 2359 a
1171 2325 1274 2370 plebe
1303 2327 1392 2363 locis
1421 2329 1560 2365 sedisse.
1583 2332 1615 2367 A

962 2378 1032 2411 qua
1053 2369 1187 2404 ratione
1208 2383 1245 2406 se
1266 2383 1333 2413 uon
1357 2373 1511 2417 alienum
1532 2388 1615 2420 pro-

959 2413 1076 2450 fitetur
1105 2416 1329 2453 doctissimus·
1346 2415 1512 2457 Ernestus
1538 2423 1613 2460 Iud.

958 2457 1070 2506 Legg.
1122 2472 1156 2496 v·
1211 2463 1346 2500 Roscia.
1408 2465 1478 2501 Sed
1500 2469 1614 2513 *quod

957 2505 1050 2541 idem
1072 2506 1189 2551 addit,
1221 2510 1313 2550 forte
1335 2513 1486 2552 restituit
1508 2513 1612 2550 intel-

954 2550 1020 2596 ligi
1067 2563 1167 2601 posse
1202 2557 1398 2600 praestitit,
1444 2560 1611 2604 exemplis

953 2595 1195 2635 ostendendum
1227 2606 1324 2645 erat,
1348 2603 1550 2642 ciceronem
1571 2611 1609 2643 et

951 2645 1117 2688 aequales
1138 2646 1187 2680 sic
1208 2647 1344 2683 locutos
1365 2661 1448 2685 esse.

996 2692 1029 2733 §-
1059 2690 1093 2726 4.
1123 2692 1160 2726 in
1179 2705 1295 2729 omnes
1316 2707 1465 2733 recessus
1487 2697 1606 2732 maris.

949 2735 1037 2771 Vide
1079 2738 1179 2774 Flor.
1220 2740 1282 2777 111.
1325 2741 1362 2778 6.
1398 2741 1455 2778 11.
1485 2746 1523 2779 et
1554 2742 1605 2784 ibi

947 2782 1077 2819 Duker.
1394 2798 1396 2800 ·
