1728 3054
311 189 391 239 DE'
433 188 723 232 VELLmo
771 183 1179 229 PATmthLo
1346 187 1426 224 cxl

47 313 130 356 quo
154 314 292 344 rerum
319 316 475 344 summa
498 301 751 348 vertebatur,
788 298 853 339 vel
889 296 1010 350 quod
1026 296 1244 351 praecipua
1272 309 1427 338 memo-

47 361 109 400 ῆι
136 359 301 413 dignum
327 361 527 408 habebat,
566 370 715 405 anuos,
744 355 955 396 erudiendi
982 355 1158 394 lectores
1185 364 1326 402 causa,
1354 354 1427 394 ad-

48 417 159 457 iecit.
216 418 307 468 Quo
343 418 385 456 in
421 416 584 468 negotio
613 412 1116 463 Varronis‚-;⁸ntiquitatis
1150 411 1426 451 Romanorum

49 473 299 520 doctissimi,
335 486 469 513 aeram
497 475 678 512 secutum
707 480 821 518 esse,
855 473 969 520 patet
1011 481 1061 507 ex
1099 467 1132 508 1.
1159 471 1199 509 8.
1239 467 1350 515 Sed,
1378 471 1425 507 ut

50 530 172 568 decet
200 529 395 568 disertum
425 531 720 574 enarratomm,
757 525 800 563 in
839 529 1024 576 tempore
1062 524 1256 575 signando
1283 523 1427 573 variat,

48 585 113 625 vel
139 585 324 625 consules
349 585 464 633 anni,
502 585 546 623 in
580 595 699 634 quem
735 593 802 620 res
839 580 1111 619 memorabilis
1140 581 1336 632 quaedam
1365 580 1427 620 in·-

50 642 172 690 cidit,
208 642 440 689 nominans,
476 640 542 679 vel
570 651 715 678 annum
742 637 863 676 talem
894 642 1005 676 retro
1034 650 1248 677 numerans
1275 637 1372 686 inde
1400 649 1434 677 ι’

50 697 232 746 Vinicio,
261 698 313 737 ad
341 710 461 749 quem
491 695 717 742 scribebat,
746 693 941 741 consule,
974 692 1015 732 h.
1046 705 1082 733 e.
1114 693 1209 732 inde
1235 694 1288 733 ab
1319 706 1426 733 anno

48 754 102 796 U.
131 753 176 795 C.
204 755 301 796 7&-
328 753 393 792 vel
419 753 573 792 addens
602 763 879 801 nonnunquam
918 749 1040 789 etiam
1076 750 1118 796 in
1146 751 1268 789 rebus
1298 750 1429 790 maxi-

47 811 105 850 mi
130 809 325 850 momenti
362 814 405 849 et
440 808 656 862 praecipua
689 808 882 857 memoria
921 805 1052 857 dignis
1079 810 1254 845 aetatem
1281 807 1428 847 Urbis.

47 866 286 915 Praeterea,
327 866 370 905 in
398 866 569 916 transitu
596 877 755 916 quoque
783 864 834 902 ad
862 870 962 902 nova
990 872 1126 902 rerum
1167 863 1325 915 capita,
1356 876 1429 903 eo-

47 936 138 964 nm
174 926 357 974 tempus,
401 922 466 962 vel
507 922 688 962 breviter
722 920 908 972 repetitis
936 920 1083 967 rebus,
1124 919 1165 958 in
1194 920 1303 959 idem
1335 933 1427 972 spa·

49 981 152 1020 tium
178 978 463 1027 incidentibus,
490 978 556 1018 vel
582 978 800 1017 numeratis
827 976 941 1016 annis
970 977 1055 1015 sive
1081 980 1189 1024 ante,
1218 977 1303 1015 sive
1333 980 1430 1028 post

47 1048 137 1076 rem
161 1035 282 1075 modo
310 1040 535 1075 enarratam
565 1033 871 1087 praeterlapsis,
900 1040 1040 1072 notare
1069 1033 1188 1073 solet.
1229 1033 1300 1072 Uti
1330 1045 1428 1072 vero

47 1092 163 1133 nobis
190 1092 423 1137 memoriter
449 1091 701 1131 narrantibus
739 1090 846 1130 solet
882 1089 1088 1138 accidere,
1123 1094 1171 1128 ut
1206 1102 1329 1130 verus
1357 1102 1430 1129 an·-

49 1160 126 1189 nus
157 1148 219 1187 rei
246 1154 385 1200 gestae
417 1161 497 1188 nou
525 1153 757 1195 succurrat,
794 1147 868 1186 sed
897 1146 1015 1185 uobis
1038 1147 1347 1195 fluctuantibus,
1385 1147 1430 1186 in

50 1218 125 1253 eo,
163 1204 232 1256 qui
260 1217 284 1244 a
309 1217 406 1244 vero
446 1217 525 1244 non
560 1204 729 1243 multum
766 1204 948 1250 aben-et,
986 1204 1324 1254 acquiescendum
1359 1204 1427 1252 sit,

50 1262 154 1301 adeo
191 1262 386 1301 memoria
413 1261 685 1313 decipiamur;
720 1259 779 1299 ita
814 1260 976 1300 Velleio
1005 1272 1186 1311 quoque,
1223 1260 1355 1300 fastos
1385 1266 1431 1300 et

36 1304 185 1367 'erum
223 1318 387 1358 annales
427 1318 610 1357 evolvere
646 1329 726 1356 non
764 1317 941 1364 vacanti,
979 1317 1174 1356 memoria
1216 1317 1430 1366 frustrato,

48 1385 185 1414 rerum
213 1375 491 1414 nonnullarum
518 1379 679 1427 tempus
717 1373 888 1412 definire
925 1373 1150 1412 accuratius
1187 1386 1265 1413 non
1301 1374 1430 1413 licuit.

14 1450 19 1460 κ
50 1431 142 1481 Quo
179 1430 330 1470 factum
368 1435 452 1478 est,
491 1436 537 1469 ut
574 1443 768 1470 annorum
802 1430 978 1468 numeris
1018 1430 1187 1479 notatis,
1217 1431 1332 1481 quasi
1362 1443 1430 1469 ca—

49 1499 154 1526 veus
177 1487 277 1536 sibi,
307 1487 545 1538 frequenter
571 1487 694 1525 addat
720 1486 819 1525 illud
845 1487 1009 1538 ferme,
1047 1487 1197 1538 ubique
1231 1486 1321 1526 fere
1356 1487 1430 1526 ob-

50 1543 179 1590 vium,
207 1547 255 1583 ut
282 1555 562 1594 nonnunquam
589 1542 789 1591 numeris,
818 1555 917 1593 quos
946 1549 1091 1582 vocant
1118 1542 1330 1592 rotundos,
1360 1555 1430 1582 ac-

53 1600 256 1651 quiescat,
303 1605 428 1651 utque
460 1613 484 1638 a
510 1612 632 1649 vero,
677 1599 744 1650 qui
780 1598 941 1638 aliunde
980 1603 1158 1649 constat,
1194 1611 1323 1648 anno,
1359 1598 1431 1639 ubi

6 1658 16 1665 ’
50 1656 132 1696 hoc
167 1655 261 1705 flat,
292 1668 378 1713 ³non
406 1656 574 1695 multum
603 1656 778 1695 aberret.
836 1655 920 1694 Sed
948 1667 1131 1707 magnam
1169 1660 1327 1707 partem
1356 1669 1430 1695 nu-

52 1725 269 1762 merorum,
297 1713 366 1763 qui
394 1712 632 1764 scriptorem
659 1711 808 1751 erroris
836 1708 1009 1762 arguunt
1036 1713 1121 1751 sive
1148 1712 1189 1750 in
1218 1725 1428 1760 annorum,

51 1770 136 1808 sive
163 1768 328 1808 aliamm
355 1781 491 1807 rerum
519 1773 731 1820 computo,
768 1768 1043 1815 librariorum,
1081 1781 1182 1820 quos
1210 1769 1320 1808 nulla
1351 1769 1430 1808 alia

51 1837 98 1864 re
130 1825 258 1876 magis
295 1825 508 1865 aberrasse
540 1828 722 1873 constat,
759 1823 857 1864 vitio
896 1828 1126 1877 corruptam
1156 1837 1267 1878 esse,
1314 1825 1428 1865 facili

49 1881 212 1934 negotio
235 1881 441 1933 probatur.

65 1957 76 1960 “
680 1948 713 1978 0

162 1992 246 2035 lam
275 1992 424 2043 habes,
461 1992 657 2032 benevole
686 1992 835 2042 lector,
865 1993 1050 2046 opusculi
1077 1992 1228 2035 Velleii
1259 1995 1429 2047 eiusque

51 2050 243 2090 virtutum
283 2050 549 2101 vitiorumque
592 2050 930 2103 descriptionem,
977 2063 1056 2090 non
1096 2052 1259 2102 quidem
1289 2053 1427 2104 perfe-

50 2111 180 2156 ctam,
211 2106 499 2158 scriptorisque
524 2106 702 2145 indolem
732 2107 829 2146 satis
860 2107 1165 2159 explanantem,
1197 2106 1311 2163 (nam
1334 2122 1429 2149 sen-

52 2162 117 2202 sui
150 2166 242 2212 tuo',
291 2162 564 2202 familiaritate
598 2175 689 2203 cum
727 2175 777 2202 eo
819 2168 1046 2212 contracta,
1095 2165 1264 2204 multum
1303 2167 1430 2206 relin-

52 2218 255 2270 quendum
278 2216 385 2272 θείς)
416 2223 591 2258 attamen
614 2219 805 2259 iudicium
839 2224 951 2259 tuum
985 2220 1037 2260 de
1065 2221 1214 2261 Nostro
1248 2221 1429 2273 aliquan-

51 2279 137 2315 tum
172 2274 483 2315 moderaturam.
548 2275 700 2315 Habuit
729 2276 764 2315 is
798 2276 905 2315 inter
940 2278 1190 2317 recentiores
1231 2280 1430 2331 eruditos,

54 2331 124 2383 qui
158 2331 223 2371 vel
254 2331 423 2371 virtutes
454 2331 517 2370 vel
550 2332 646 2371 vitia
681 2331 768 2372 eius
806 2333 926 2372 altius
959 2333 1243 2385 inspexerunt,
1273 2340 1316 2374 et
1342 2335 1430 2375 lau·

53 2387 215 2428 datores
245 2399 361 2436 suos,
398 2392 442 2427 et
468 2388 759 2440 vituperatores
769 2403 780 2438 ;
821 2386 1077 2441 aequioribus
1111 2395 1246 2430 tamen
1282 2395 1325 2431 et
1363 2405 1430 2432 sa-

53 2443 337 2496 pientioribus,
378 2443 510 2495 iisque
551 2445 671 2496 longe
704 2445 907 2497 pluribus,
950 2447 1142 2499 probatus
1182 2453 1256 2490 est.
1315 2447 1431 2489 Inter

52 2498 386 2540 Franco-Gallos
427 2505 561 2540 autem
597 2500 854 2554 praecipuum
883 2502 1169 2542 admiratorem
1202 2508 1244 2544 et
1273 2504 1427 2548 felicia.

54 2555 200 2596 simum
237 2556 479 2597 imitatorem
521 2563 660 2597 nactus
700 2563 765 2598 est
799 2560 928 2598 virum
968 2559 1308 2610 elegantissimum
1335 2560 1428 2602 Ησ-

51 2611 268 2662 nauteam,
296 2612 469 2653 lectione
489 2612 636 2653 Velleii
659 2614 930 2665 indefessum,
961 2621 1003 2655 et
1031 2616 1228 2667 opusculi,
1258 2617 1432 2672 Abre‘gd

55 2666 377 2722 chronologique
412 2668 467 2709 de
504 2669 708 2711 l’ln’atoire
745 2670 800 2711 de
845 2671 1013 2712 Franco
1049 2672 1254 2726 inscripti,
1299 2681 1342 2715 et
1373 2674 1427 2715 ad

0 2738 2 2761 ι
54 2723 283 2778 exemplum
308 2723 458 2767 velleii
482 2726 734 2781 concinnati,
770 2732 999 2781 auctorem,
1037 2727 1177 2771 Nostri
1214 2743 1316 2786 opus
1346 2731 1427 2772 iui-
