1728 3054
233 242 416 279 nxxvm
585 238 670 280 nn
686 236 871 279 mum
916 236 1271 282 nonwnnm
1332 222 1339 226 “

229 350 358 392 fuisse
395 327 810 400 annorum‚²Qfstem
848 350 1044 392 habemus
1081 343 1394 394 disertissimum
1430 354 1613 397 Dionem.

229 408 318 449 Nec
356 413 469 448 certe
507 410 681 460 pugnat,
719 420 797 459 qua
835 420 976 448 sanum
1016 422 1109 449 eum
1149 411 1367 452 etiamnum
1391 411 1614 463 habemus,

227 465 319 518 ipse
357 464 554 504 Velleius,
619 463 665 504 In
700 462 780 505 huc
812 465 960 506 trienni
996 466 1106 506 bello
1143 467 1302 520 duplex'
1328 469 1417 521 ipse
1461 470 1614 511 bellum

229 521 430 574 agnoscit,
466 520 740 561 Pannonicum
777 522 911 575 ptine,
952 523 1060 575 quod
1101 525 1286 575 proxime
1326 525 1615 568 Germanicum

230 578 455 630 exceperit,
485 577 538 617 de
564 590 644 630 quo
673 591 759 631 cap.
791 581 885 621 114.
920 583 1007 619 tum
1031 580 1194 620 ‚deinde
1231 581 1518 632 Delmaticum,
1558 584 1614 624 de

230 647 310 686 quo
342 647 434 686 cap.
460 635 555 676 115.
585 635 643 675 Et
671 635 835 687 quidem
862 636 919 676 ita
947 637 1117 677 invicem
1147 638 1367 688 distinxit!
1386 643 1433 680 ut
1466 641 1612 693 prioris

229 691 327 731 belli
362 702 443 730 non
481 704 559 730 una
595 697 788 743 agnoscat
824 693 987 734 aestiva.
1045 694 1136 735 Hoc
1173 695 1272 735 satis
1305 696 1415 735 clare
1444 696 1614 738 innuunt

227 748 350 787 verba
379 747 465 787 eius
492 748 584 787 illa:
613 750 729 788 solus
755 762 922 803 semper
951 764 1057 805 equo
1084 756 1229 792 vectus
1258 757 1323 792 est
1330 767 1349 799 ,·
1372 754 1490 793 solus
1517 752 1614 794 στέφη

227 805 305 853 iis,
343 817 446 858 quos
475 805 746 855 invitaverat,
788 808 955 847 maiore
985 813 1113 862 parte
1150 809 1403 849 aestivarum
1439 809 1612 864 expedi-

227 862 390 900 tionum
420 862 611 901 coenavit
636 861 801 903 sedens.
831 863 1030 915 Loquitur
1056 864 1162 904 enim
1190 866 1248 906 ibi
1276 870 1389 906 certe
1417 866 1470 907 de
1502 867 1612 907 belia

224 917 479 969 Pannonico,
525 931 602 970 qua
643 919 847 959 diversum
887 924 976 960 erat
1012 924 1116 960 tam*
1133 935 1158 961 a
1187 922 1449 972 Germanico,
1492 936 1612 975 quam

226 975 348 1014 etiam
378 988 402 1014 a
432 974 667 1015 Delmatico.
726 976 818 1015 Non
855 989 954 1028 ergo
994 978 1138 1018 eadem
1175 982 1262 1027 ent,
1313 992 1415 1031 quae
1452 978 1612 1020 videtur

226 1032 394 1079 eadem,
422 1032 464 1071 in
493 1038 667 1085 utroque
695 1032 766 1072 illo
797 1031 947 1073 Velleii
981 1034 1096 1083 loco,
1125 1033 1270 1074 hiems.
1326 1036 1410 1076 Sed
1439 1037 1612 1078 deerant

223 1089 265 1127 in
302 1089 421 1128 unico
460 1088 554 1140 illo,
594 1089 703 1128 unde
751 1090 904 1141 prodiit
943 1089 1145 1141 Velleius,
1184 1091 1348 1141 codice,
1388 1094 1481 1132 anni
1509 1097 1608 1137 761).

224 1145 293 1196 qui
323 1145 418 1185 belli
447 1144 665 1185 Pannonici
694 1146 847 1198 primns
877 1151 986 1199 erat,
1025 1153 1114 1189 acta
1152 1149 1306 1198 omnia,
1347 1162 1610 1203 quaecunque

222 1202 293 1242 ille
339 1203 382 1241 in
430 1203 728 1255 compendiaria
779 1203 856 1242 hac
902 1204 1072 1244 historia
1115 1205 1366 1258 prodiderat.
1430 1207 1610 1248 Deerant

222 1262 466 1312 praeterea,
501 1272 763 1311 quaecunque
803 1261 1022 1313 scripserat
1059 1261 1210 1302 Noster
1246 1262 1298 1302 de
1327 1264 1528 1304 mittendo
1556 1265 1608 1304 ab

222 1316 324 1355 urbe
355 1315 623 1366 Germanico,
662 1318 736 1356 sub
779 1330 857 1368 quo
897 1322 1032 1358 tamen
1071 1319 1203 1371 ipsum
1237 1321 1434 1360 meruisse
1462 1322 1609 1373 proba-

221 1372 370 1423 vimus,
416 1373 610 1425 cuiusque
651 1373 957 1414 disertissimam
993 1375 1092 1415 facit
1128 1376 1170 1415 in
1202 1377 1465 1428 sequentibus
1493 1386 1608 1418 men'-

221 1429 386 1469 tionem.
445 1429 525 1471 Vix
555 1444 651 1469 sane
688 1436 773 1478 est,
825 1436 869 1470 ut
901 1445 1039 1481 suum,
1077 1436 1124 1472 ut
1160 1433 1274 1473 ducis
1313 1435 1378 1473 sui
1419 1434 1469 1474 ab
1506 1435 1608 1475 urbe

221 1486 461 1535 adventum,
511 1487 832 1539 praetermiserit
866 1486 1063 1528 Velleius.
1130 1490 1220 1541 Ego
1265 1490 1432 1530 lacunae
1472 1490 1607 1532 locum

220 1542 350 1582 fuisse
389 1543 572 1595 suspicor
611 1548 705 1583 ante
743 1544 866 1583 verba
906 1546 1028 1585 modo
1064 1546 1243 1599 prolata:
1280 1546 1411 1587 hiems
1448 1550 1607 1588 entolu-

219 1604 362 1639 menta
396 1600 566 1654 patrati
601 1600 702 1640 belli
743 1601 931 1641 contulit.
988 1602 1050 1642 Ita
1078 1603 1278 1653 nimirum,
1308 1608 1353 1644 ut
1384 1605 1477 1643 anni
1505 1607 1606 1648 760.

219 1656 351 1696 hiems
380 1657 448 1696 illa
477 1657 623 1706 fuerit,
664 1656 733 1709 qui
777 1658 941 1709 quidem
977 1672 1103 1699 annus
1143 1660 1242 1700 belli
1270 1661 1490 1701 Pannonici
1521 1662 1607 1715 pri-

218 1725 309 1753 mus
340 1718 449 1764 erat,
490 1714 682 1766 idemque
715 1727 794 1766 quo
833 1715 885 1754 ad
914 1714 1125 1756 Tiberium
1164 1717 1214 1757 ab
1245 1719 1429 1770 Augusto
1456 1718 1605 1758 missus

218 1773 282 1809 est
323 1768 601 1810 Germanicus.
659 1770 835 1810 Tantum
871 1772 1006 1821 abest,
1046 1778 1091 1813 ut
1127 1773 1341 1815 adventum
1373 1774 1606 1815 Germanici

217 1825 381 1865 credam
410 1827 586 1867 tacuisse
613 1826 837 1876 Velleium,
874 1832 920 1867 ut
947 1829 1195 1869 mentionem
1222 1830 1427 1883 Agrippae
1454 1832 1496 1871 in
1521 1835 1605 1872 Au-

217 1883 327 1936 gusti
354 1883 671 1934 indignationem
699 1883 927 1933 incidentis,
957 1884 1189 1926 Germanici
1216 1886 1351 1938 potius
1382 1900 1501 1938 quam
1531 1888 1604 1928 Ti-

217 1939 321 1980 berii
364 1941 493 1991 gratia
528 1940 717 1980 iniectam
768 1940 1007 1983 existimem.
1064 1943 1285 1995 Agrippam
1325 1944 1431 1983 enim
1469 1945 1631 1987 eidem*

218 1996 468 2048 expeditioni
498 1997 771 2036 destinaverat
799 1998 1025 2048 Augustus,
1054 2011 1131 2039 nec
1163 1999 1241 2039 alia
1270 2000 1322 2039 de
1355 2013 1475 2041 causa
1503 2003 1602 2042 mis-

215 2064 305 2100 sum
345 2053 630 2093 Germanicum
665 2057 842 2093 testatur
881 2054 980 2104 Dio,
1018 2068 1135 2107 quam
1173 2057 1280 2108 quod
1309 2057 1488 2111 Agrippa
1521 2059 1601 2106 iam

214 2114 336 2149 antea
373 2110 545 2162 Augusti
584 2111 713 2163 gratia
751 2110 968 2153 exciderat.
1039 2112 1107 2151 Sic
1135 2113 1239 2153 viam
1268 2115 1454 2155 straverit
1483 2128 1599 2157 casus

213 2165 419 2219 Agrippae
464 2171 584 2208 antea
631 2171 817 2208 narratus
865 2167 918 2208 ad
961 2169 1171 2211 consilium
1216 2170 1404 2212 mittendi
1455 2176 1600 2227 postea

215 2222 459 2265 Germanici.

297 2380 338 2438 §.
378 2384 447 2426 24·
509 2380 652 2423 Locus
711 2380 862 2423 Velleii
904 2380 957 2422 de
998 2382 1123 2424 huius
1172 2385 1275 2425 anni
1331 2383 1515 2428 hibernie
1589 2392 1594 2398 “

779 2440 1032 2494 explicatur.

325 2543 387 2585 De
414 2545 534 2586 huius
563 2546 656 2586 anni
684 2548 780 2588 761.
817 2545 999 2586 hibernis
1037 2547 1094 2587 ita
1124 2545 1328 2588 Velleius:
1375 2549 1593 2591 Autumno
1652 2563 1655 2565 ’

210 2601 344 2642 victor
372 2603 416 2641 in
443 2602 617 2642 hiberna
642 2602 862 2643 reducitur
892 2604 1124 2653 exercitus,
1165 2605 1283 2644 cuius
1315 2606 1501 2646 omnibus
1526 2620 1594 2646 co-

203 2658 293 2712 piis
324 2671 351 2697 a
386 2658 566 2699 Caesare
595 2659 654 2699 M,
689 2658 878 2713 Lepidus
904 2661 1152 2713 praefectus
1184 2667 1268 2710 est,
1309 2663 1373 2701 vir
1412 2663 1592 2704 nominis
1639 2716 1647 2720 N

209 2727 261 2754 ac
281 2715 488 2766 fortunae
521 2716 802 2757 Aemiliorum
833 2717 1067 2770 proximu-3.
1126 2718 1195 2760 Sic
1232 2718 1339 2759 enim
1376 2718 1499 2771 legit,
1528 2721 1592 2759 id-

209 2783 313 2824 que,
351 2775 398 2813 ut
434 2776 558 2826 puto,
595 2778 731 2826 recte,
771 2772 834 2815 cl.
870 2773 1073 2816 Heinsius.
1140 2774 1232 2817 Sed.
1261 2777 1461 2829 quomodo
1490 2788 1589 2818 cum
