1728 3054
226 189 313 231 242
533 186 582 229 Ο.
611 184 892 228 νΕΙᾸιΕῙΙ
931 184 1328 227 PATERCUL!

229 303 314 347 mis
347 301 637 355 tenebamuS‚
674 298 833 359 egredi
867 300 1037 360 ripam,
1083 314 1138 346 ac
1172 300 1326 345 videre
1361 300 1613 346 Caesarem.

191 372 346 416 2Data
380 370 550 429 petenti
586 369 791 415 facultas.
857 368 981 414 Tum
1017 369 1213 429 adpulso
1249 370 1401 424 lintre,
1449 377 1494 414 et
1537 371 1616 415 diu

228 439 387 484 tacitus
422 439 751 498 contemplatus
787 437 1051 496 Caesarem,
1087 437 1268 483 Nostra
1303 439 1517 499 quidem,
1546 440 1617 483 in-

230 509 354 567 quit,
377 506 482 570 suit
517 508 742 563 iuventus,
778 522 914 568 quae,
952 522 1058 552 cum
1092 512 1299 552 vestrum
1330 522 1500 552 numen
1529 509 1617 553 ab-

230 577 429 623 sentium
477 577 626 634 colat,
681 577 1006 636 praesentium
1046 577 1207 636 potius
1246 590 1389 622 arma
1440 577 1618 633 meluit,

231 661 379 708 quam
409 646 618 706 sequitur
632 644 810 708 fidem.
882 645 983 691 Sed
1021 660 1115 706 ego
1149 642 1376 708 beneficio
1407 661 1468 691 ac
1499 661 1619 707 per-

232 716 378 760 missu
416 719 517 770 tuo,
570 714 779 770 Caesar,
837 729 952 775 quos
993 719 1104 759 ante
1147 714 1431 771 audiebam,
1478 715 1621 760 hodie

233 784 335 830 vidi
373 783 524 829 Deos:
592 798 679 828 nec
702 783 976 845 feliciorem
1011 784 1163 828 ullum
1195 785 1323 829 vitae
1360 799 1497 829 meae
1537 788 1620 829 aut

235 853 421 919 optavi,
471 858 556 898 aut
582 854 704 898 sensi
739 852 880 897 diem.
948 852 1310 912 Impetratoque‚
1354 860 1402 898 ut
1438 868 1621 898 manum

237 923 537 982 contingeret,
596 938 796 967 reversus
841 923 887 966 in
938 922 1215 979 naviculam,
1271 923 1363 967 sine
1409 924 1499 967 fine
1545 938 1622 967 re-

197 999 442 1052 3spectans
475 991 740 1046 Gaesarem,
773 991 900 1051 fipae
935 1005 1117 1036 suorum
1152 991 1367 1051 adpulsus
1401 998 1479 1038 est.
1538 992 1622 1036 Vi-

237 1068 334 1108 ctor
381 1062 580 1106 omnium
636 1061 839 1121 gentium
893 1060 1217 1119 locorumque,
1273 1075 1387 1119 quos
1436 1061 1620 1116 adierat,

239 1131 426 1186 Caesar,
475 1146 578 1176 cum
614 1131 853 1185 incolumi,
898 1130 1226 1188 inviolatoque,
1272 1137 1316 1174 et
1350 1130 1490 1174 semel
1523 1136 1624 1175 tan-

239 1199 508 1256 tummodo,
556 1215 722 1260 magna
759 1214 862 1245 cum
909 1198 1042 1245 clade
1077 1198 1298 1255 hostium,
1344 1199 1506 1244 fraude
1542 1213 1623 1243 eo-

237 1285 338 1315 rum
382 1259 550 1315 tentato
596 1268 815 1323 exercitu,
882 1268 927 1312 in
982 1267 1189 1326 hyberna
1231 1268 1435 1327 legiones
1484 1268 1629 1311 redu--

238 1340 324 1396 xit,
368 1339 556 1394 eadem,
609 1353 701 1396 qua
743 1338 896 1397 priore
939 1351 1080 1393 anno,
1133 1336 1412 1382 festinatione
1464 1338 1625 1382 urbem

239 1413 410 1469 petens.

379 1474 514 1521 GAP.
562 1472 728 1519 CVIII.
798 1472 924 1518 Nihil
982 1479 1076 1519 erat
1119 1474 1210 1519 iam
1264 1474 1309 1518 in
1367 1469 1625 1529 Germania,

241 1545 370 1606 quod
415 1543 532 1590 vinci
578 1548 756 1603 posset,
809 1549 991 1602 praeter
1045 1550 1228 1604 gentem
1273 1543 1627 1588 Marcomanno-

241 1631 365 1669 rum3
409 1628 551 1674 quae,
598 1612 893 1656 Maroboduo
929 1612 1067 1669 duce,
1114 1613 1257 1659 excita
1300 1613 1479 1658 sedibus
1526 1612 1627 1670 suis,

244 1693 380 1744 atque
434 1683 479 1728 in
533 1682 746 1727 interiora
789 1681 1039 1743 refugiens,
1102 1683 1320 1727 incinctos
1374 1681 1628 1740 Hercyniae

204 1756 394 1815 2sylvae
427 1766 616 1812 campos
649 1750 889 1803 incolebat.
960 1750 1099 1796 Nulla
1132 1751 1355 1797 festinatio
1390 1750 1522 1796 huius
1547 1749 1628 1795 viri

291 1903 325 1945 §.
352 1900 387 1935 2.
415 1899 512 1934 Data
536 1911 560 1933 a
592 1899 744 1934 Caesare
772 1900 907 1945 petenti

240 1949 411 1994 facultas.
447 1947 606 1990 Exempl.
630 1948 754 1980 vetust.
780 1948 905 1981 habet:

247 1997 337 2031 data
379 1994 514 2038 petenti
552 1993 722 2037 facultas.
769 1994 848 2028 Hoc
880 2004 905 2027 a

247 2044 399 2077 Caesare
418 2039 454 2074 in
477 2039 700 2074 vetustcod.
723 2039 761 2073 h.
787 2040 809 2073 Ι.
833 2050 903 2074 non

245 2087 441 2132 reperitur,
485 2086 577 2119 unde
606 2085 699 2120 unde
733 2086 806 2120 huc
837 2086 907 2120 im-

247 2133 428 2179 migrarit.
464 2132 606 2167 Boium.

296 2186 331 2215 et
354 2180 416 2214 diu
437 2179 575 2214 tacitus.
607 2178 713 2213 Tolle
743 2178 907 2223 copulam

249 2240 331 2264 eum
354 2227 552 2260 Vascosano
575 2228 610 2260 et
633 2224 790 2259 Heinsio.

298 2275 576 2319 Impetratoque,
598 2276 639 2306 ut
661 2283 804 2306 manum
826 2282 908 2305 eon-

248 2322 404 2367 tingeret
426 2322 492 2353 etc.
520 2318 714 2363 Exemplar
724 2321 907 2352 ·-vetustum

248 2369 377 2403 habet:
401 2366 659 2410 imperatowe,
696 2369 736 2400 ut
765 2375 908 2399 manum

244 2418 319 2450 etc.
343 2414 486 2448 Busan.

299 2462 334 2503 S.
355 2459 391 2494 3.
429 2459 546 2493 Victor
577 2457 727 2491 omnium
749 2457 910 2502 gentium

252 2508 469 2550 locorumque
513 2507 579 2539 etc.
630 2504 674 2539 ΙΙ,
716 2503 775 2539 4⁰.
822 2505 910 2538 Tum

972 1959 1031 1987 um
1053 1947 1232 1992 gentium,
1256 1959 1342 1992 quas
1365 1948 1515 1981 adierat.

1020 2005 1120 2039 CAP.
1144 2005 1264 2039 CVIII.
1288 2006 1321 2047 §.
1344 2004 1378 2039 1.
1406 2005 1628 2039 Marcoman-

972 2062 1104 2085 norum.
1152 2051 1247 2085 Edit.
1287 2063 1339 2095 pr.
1384 2051 1629 2086 Marcomano-

972 2109 1071 2140 rum,
1106 2100 1146 2131 ut
1168 2109 1273 2141 saepe
1297 2098 1437 2132 Graeci.
1468 2098 1552 2132 Mox
1576 2103 1631 2133 ta-

973 2155 1055 2178 men
1075 2155 1139 2188 per
1160 2144 1290 2188 duplex
1311 2156 1336 2178 n
1353 2143 1527 2179 scribitur.

1025 2202 1273 2237 Maroboduus.
1307 2202 1362 2236 De
1385 2202 1449 2236 illo
1474 2202 1631 2236 luculen-

973 2250 1030 2283 tus
1052 2249 1152 2284 locus
1173 2252 1226 2284 est
1247 2248 1429 2283 Strabonis
1452 2249 1526 2283 VII.
1547 2260 1630 2294 pag.

973 2294 1055 2329 445.
1103 2306 1208 2340 quem
1251 2295 1413 2330 emendat
1454 2294 1550 2340 Lips.
1585 2295 1630 2330 ad

975 2340 1095 2378 Tacit.
1118 2342 1205 2376 Anu.
1228 2341 1273 2376 11.
1296 2340 1355 2376 44.

1019 2399 1058 2433 in
1102 2399 1270 2434 interiora
1312 2398 1506 2445 refugiens.
1569 2397 1632 2433 Sic

973 2494 1112 2526 xerunt.
1134 2492 1226 2527 Edit.
1250 2504 1302 2538 pr.
1326 2492 1365 2527 in
1386 2492 1557 2536 inferiora
1576 2503 1633 2526 re-

973 1900 1140 1935 Armenia
1165 1905 1199 1934 et
1224 1899 1357 1943 Ponto,
1386 1900 1496 1934 victor
1518 1899 1643 1934 omm‘z
1715 1885 1728 1921 ’ἶ

974 2445 1097 2480 Editor
1119 2446 1245 2482 -BasiL
1278 2449 1315 2481 et
1346 2446 1485 2490 Lipsius
1514 2455 1632 2479 corre-
1684 2460 1686 2464 ·
1720 2444 1728 2467 '-

251 2555 363 2588 victor
407 2552 580 2592 omnium,
625 2561 711 2596 quas
760 2551 909 2593 adierat,

250 2600 411 2646 gentium
436 2598 627 2642 Pompeius.
660 2597 755 2631 Hine
787 2597 912 2632 sumsit

255 2645 381 2680 Velleii
412 2644 589 2685 imitator,
625 2642 756 2687 Sulpic.
787 2643 909 2679 Sever.

255 2693 299 2727 11.
322 2691 380 2726 26.
417 2691 597 2736 Pompeius
617 2695 692 2725 tum
718 2690 910 2724 Mithrida-

254 2739 323 2776 tien
366 2739 453 2773 bello
493 2739 668 2781 confecto,
711 2742 910 2783 pat-utaque

967 2538 1126 2584 fugiens.

1021 2596 1186 2630 incinctos
1198 2595 1393 2641 Hercyniae
1409 2596 1526 2640 sylvae
1537 2606 1633 2629 cam-

975 2654 1047 2688 pos.
1071 2642 1322 2677 Scribendum
1344 2643 1508 2678 incinctos
1537 2642 1631 2675 Her-

977 2689 1079 2734 cynia
1102 2690 1200 2733 sylva
1222 2700 1373 2734 campos.
1404 2688 1498 2735 quod
1520 2687 1631 2723 Hein-

976 2736 1029 2773 sio
1051 2747 1190 2782 quoque
1211 2736 1340 2781 placet.
