1728 3054
236 216 302 252 Lx
560 209 840 252 HENRICI
887 208 1244 254 DoDWELLl
1291 225 1294 226 ⁷

236 325 452 379 stipulatur
496 323 619 363 etiam
648 322 745 375 Dio,
764 319 808 378 *)
836 323 1112 364 tantummodo
1146 324 1199 365 de
1234 324 1386 366 Achaia
1422 326 1517 366 alibi
1546 324 1614 381 **)

177 415 179 419 ,
237 383 406 430 dubius,
445 393 539 419 num
578 384 619 419 et
651 380 761 418 illam
793 379 1004 430 Tiberius,
1039 394 1118 420 una
1155 395 1247 422 cum
1289 382 1552 432 Macedonia,
1590 397 1616 424 a

237 439 375 492 populi
410 437 498 476 iure
536 435 587 475 ad
628 448 674 475 se
712 437 974 477 transtulerit.
1011 437 1075 477 ‘In
1115 451 1164 477 eo
1205 443 1316 478 certe
1355 440 1499 480 dubius
1534 443 1630 480 non'

237 494 447 545 est,xquin
476 497 685 543 utramque
713 494 861 545 populo
892 494 1106 546 assignarit
1136 496 1361 547 Augustus,
1401 509 1493 536 oum
1532 497 1615 548 pri·v

234 564 342 591 mam
377 550 673 601 provinciarum
709 550 1036 592 distributionem
1065 552 1243 602 faceret,
1282 565 1387 593 anno
1427 553 1614 593 nimirum

235 608 347 646 urbis
376 609 472 647 726.
503 606 573 644 diu
602 610 695 646 ante
723 606 829 646 hunc
858 606 1025 656 annum,
1055 608 1108 647 de
1138 622 1216 660 quo
1246 609 1423 660 agimus,
1453 608 1614 651 Velleii.

233 663 411 702 Proinde
455 663 591 702 ambas
636 675 776 702 rursus
819 665 968 716 populo
1003 665 1183 706 reddidit
1226 665 1439 714 Claudius,
1484 665 1614 707 Dione

233 721 409 771 ibidem,
439 720 510 758 ubi
539 732 682 771 supra,
711 724 845 768 teste,
887 725 929 761 et
958 721 1166 762 Suetonio.
1222 723 1360 762 Asiam
1398 726 1613 775 praeterea

233 791 258 817 a
286 790 332 816 se
360 780 612 829 peragratam
641 780 813 817 testatur
841 776 1043 828 Velleius,
1079 777 1404 845 proconsularem
1433 780 1612 820 seilicet.

233 847 352 885 quam
387 833 453 873 vel
491 834 638 873 exinde
677 839 835 874 constat
872 835 1011 901 populi
1047 836 1291 889 provinciam
1328 837 1481 888 fuisse,
1518 850 1611 877 cum

231 890 495 943 proconsules
530 890 687 930 illarum
731 892 1024 944 provinciarum
1066 892 1261 945 peculiari
1310 894 1483 946 quodam
1520 893 1611 936 iure

231 948 416 1000 proprios
458 948 580 987 faciat
612 947 709 996 Dio,
749 949 817 999 qui
846 949 967 988 etiam
995 948 1105 988 illam
1142 949 1183 988 in
1215 951 1354 1002 populi
1392 951 1609 1003 provinciis

230 1005 364 1044 verbis
401 1009 588 1044 recenset
626 1005 929 1050 disertissimis„
970 1005 1100 1046 Aliam
1138 1005 1209 1044 ille
1247 1007 1491 1058 provinciam
1520 1007 1610 1046 nul-

229 1061 311 1101 lam
339 1061 539 1111 nominat,
577 1066 746 1114 excepta
784 1062 983 1110 Thracia,
1032 1075 1135 1114 quae
1173 1063 1254 1102 iam
1290 1064 1470 1103 neutrius
1507 1067 1610 1113 erat,

229 1119 304 1158 sed
333 1118 563 1170 regulorum
591 1119 740 1171 populo
769 1119 952 1158 Romano
984 1120 1214 1158 amicorum.
1273 1118 1412 1171 Itaque
1441 1120 1509 1171 qui
1534 1133 1608 1172 po-

228 1175 314 1227 puli
342 1175 566 1227 provincias
594 1175 802 1215 visitarunt
832 1175 981 1216 Velleii
1010 1176 1158 1224 duces,
1198 1180 1357 1228 tempus
1388 1177 1509 1217 etiam
1536 1178 1612 1216 ad«

227 1231 775 1271 ministrationishabuerint
803 1236 978 1285 oportet,
996 1245 1071 1285 pro
1099 1232 1237 1286 populi
1269 1246 1396 1280 more,
1421 1247 1607 1273 annuum.

226 1289 362 1330 Etiam
393 1288 570 1328 Orientis
599 1290 823 1341 provincias
851 1290 892 1328 in
920 1294 1091 1342 utroque
1130 1289 1250 1328 maris
1290 1289 1447 1329 Pontici
1477 1290 1607 1330 latere

227 1359 252 1384 a
281 1345 442 1385 Velleio
478 1345 670 1384 lustratas
710 1346 847 1398 populi
886 1345 1014 1394 fuisse
1049 1346 1378 1386 verisimillimum
1417 1350 1492 1386 est.
1538 1348 1606 1387 Bi-

226 1402 406 1453 thyniam
438 1406 550 1442 certe
587 1407 630 1442 et
663 1402 834 1443 Pontum
871 1403 1082 1442 finitimam
1103 1403 1260 1455 ‚populo
1289 1403 1502 1443 attributas
1541 1408 1605 1443 te-

223 1459 357 1498 statur
385 1458 471 1498 Dio.
530 1458 586 1498 Et
613 1459 774 1499 aliunde
812 1459 1030 1499 verisimile
1069 1464 1157 1508 est,
1193 1460 1339 1513 prioris
1376 1461 1604 1501 tribunatus

223 1528 305 1555 non
343 1527 528 1565 magnam
566 1515 695 1556 fuisse
731 1529 896 1556 moram.
951 1516 1069 1572 Prior
1112 1516 1182 1556 ille
1226 1517 1453 1557 tribunatus
1490 1522 1604 1558 certe

223 1572 299 1612 sub
331 1572 499 1611 ducibus
540 1572 620 1611 illis
661 1573 791 1613 fuisse
820 1574 1001 1622 videtur,
1053 1574 1197 1627 quibus
1231 1586 1312 1613 non
1349 1587 1428 1613 una
1469 1574 1604 1625 aliqua

221 1629 427 1681 provincia
455 1629 610 1669 credita
636 1629 782 1678 fuerit,
821 1631 894 1670 sed
923 1630 1073 1670 multae
1101 1631 1235 1683 potius
1264 1630 1454 1670 visendae
1481 1635 1604 1682 atque

221 1686 466 1725 lustrandae.
535 1686 622 1726 Nec
659 1687 831 1739 proinde
869 1687 951 1726 ulla
991 1692 1053 1726 est
1088 1687 1334 1736 necessitas,
1379 1701 1452 1727 cur
1486 1687 1602 1728 illum

222 1755 416 1781 annorum
454 1742 664 1793 plusquam
703 1744 873 1783 duorum
911 1743 1037 1783 fuisse
1066 1757 1348 1795 supponamus.
1406 1744 1469 1784 lta
1504 1756 1602 1783 sane

222 1799 400 1849 loquitur
436 1798 643 1851 Velleius,
684 1801 798 1850 quasi
834 1802 926 1851 post
964 1800 1064 1839 illud
1105 1800 1192 1839 Caii
1227 1814 1318 1840 cum
1357 1799 1601 1839 Parthorum

221 1867 321 1905 rege
350 1854 614 1906 colloquium,
643 1857 764 1895 rebus
793 1855 942 1895 deinde
970 1857 1056 1895 aliis
1086 1857 1289 1905 eiusdem,
1318 1861 1411 1908 post
1439 1857 1601 1908 provin-2

222 1912 303 1950 cias
332 1911 540 1961 lustratas,
576 1914 657 1952 non
694 1911 938 1951 interfuerit.
996 1912 1257 1952 Consulatum
1294 1913 1365 1952 ille
1400 1926 1503 1952 anno
1533 1926 1600 1952 se-

222 1968 361 2019 quenti
387 1971 484 2009 754.
511 1967 650 2016 inivit,
691 1969 802 2007 cuius
839 1974 977 2008 tamen
1014 1969 1124 2008 nulla
1161 1969 1314 2009 mentio
1350 1970 1392 2008 in
1424 1969 1598 2012 Velleio.

221 2025 289 2064 Sic
326 2025 446 2064 etiam
485 2025 538 2064 de
577 2025 733 2065 Tiberii
769 2023 857 2077 ***)
897 2026 1053 2075 reditu,
1102 2027 1171 2077 qui
1209 2039 1311 2068 anno
1350 2025 1472 2068 rediit
1498 2029 1597 2068 755.

220 2082 334 2132 quasi
363 2082 566 2130 laetitiae,
606 2095 684 2134 qua
720 2086 910 2134 receptus
949 2087 1029 2130 est,
1066 2083 1312 2122 incredibilis
1351 2083 1439 2134 ipse
1478 2083 1596 2125 testis

219 2138 365 2177 fuisset
402 2138 593 2177 oculatus
651 2139 706 2178 Et
744 2138 906 2189 quidem
944 2138 1074 2178 Roma
1119 2139 1231 2178 illum
1265 2140 1431 2180 missum
1467 2139 1596 2181 fuisse

219 2198 402 2242 constat,
440 2207 530 2233 cum
559 2194 726 2234 Tiberio
754 2207 890 2234 comes
920 2195 1083 2234 daretur
1110 2197 1153 2235 in
1183 2196 1453 2237 Germaniam.
1507 2196 1596 2239 Nec

219 2264 318 2292 sane
346 2252 661 2304 provinciarum,
691 2255 786 2304 post
814 2252 901 2291 Caii
928 2252 1028 2291 illud
1056 2253 1319 2304 colloquium,
1349 2252 1595 2291 mentionem

217 2308 340 2348 ullam
376 2308 476 2351 facit
511 2313 605 2348 ante
642 2308 942 2360 expeditionem
978 2309 1274 2349 Germanicam.
1333 2308 1473 2360 Itaque
1515 2309 1594 2351 nisi

216 2377 291 2404 nos
321 2363 463 2403 fallant
491 2369 655 2404 nostrae
685 2365 961 2412 coniecturae,
1001 2366 1247 2406 tribunatum
1275 2365 1387 2404 illum
1415 2368 1593 2404 castren-

216 2434 304 2460 sem
333 2421 509 2460 tenuerit
537 2422 587 2461 ab
615 2434 720 2461 anno
745 2425 841 2464 754.
872 2422 923 2460 ad
948 2424 1044 2464 757.
1079 2424 1146 2463 Sic
1174 2424 1326 2467 iustum
1349 2422 1594 2473 impenderit

215 2477 394 2518 secundo
422 2477 591 2521 militiae
620 2478 764 2533 gradui
800 2478 1110 2535 quinquennium
1124 2508 1139 2531 ,
1175 2480 1278 2524 duos
1305 2478 1494 2524 nimirum
1521 2491 1593 2520 au-

303 2661 342 2728 13
364 2660 434 2716 niq
456 2663 520 2718 ¹³¹³.-
543 2664 616 2701 Lx.

302 2709 769 2801 *⁴2JDv¹2u.¹¹¹iih.Li⁷1¹.¹'oep.
791 2754 873 2792 1⁰3.
