1728 3054
109 2266 114 2274 s
152 2231 158 2248 ⁴
231 2242 335 2266 nemo
358 2230 480 2266 nescit.
503 2230 646 2268 Terent.
670 2231 761 2264 Eun.
784 2231 826 2264 V.
848 2229 885 2265 4.

225 166 309 212 194
529 167 576 206 C.
610 165 892 207 VELLEII
931 157 1324 209 PATERGUM

188 291 209 297 ’“
225 280 476 329 cottidianis
523 279 909 325 exercitationibus
956 280 1166 326 militem·
1179 280 1501 360 'remigemque
1540 280 1601 327 ad

225 364 443 396 summam
462 353 506 392 et
526 348 746 404 militaris,
780 355 825 393 et
852 349 1100 395 maritimae
1126 351 1206 395 rei
1217 350 1428 410 perduxit
1458 352 1601 396 scien-

223 422 344 464 tiam.
413 417 518 462 Hac
547 417 679 461 classi
708 417 896 475 Caesar,
933 434 1036 464 cum
1062 420 1189 480 prius
1221 419 1530 479 despondente
1562 420 1604 465 ei

222 488 427 542 Nerone,
471 485 544 532 cui
584 479 688 533 ante
724 492 865 546 nupta
906 488 1077 544 fuerat,
1122 488 1322 544 Liviam,
1368 489 1606 549 auspicatis

192 564 198 569 ’
188 556 336 620 reip.
380 555 599 621 ominibus
631 555 824 600 duxisset
855 572 955 602 eam
986 572 1198 615 uxorem,
1241 558 1487 617 Pompeio,
1530 557 1605 602 si-

184 625 448 686 3ciliaeque
499 623 672 669 bellum
717 625 873 670 intulit.
957 626 1052 670 Sed
1089 627 1234 672 virum
1277 625 1475 670 humana·
1515 640 1606 685 ope

222 694 459 748 invictum,
514 694 711 754 graviter
765 704 821 755 'eo
873 700 1082 754 tempore
1143 695 1331 740 fortuna
1374 695 1605 741 coneussit.

224 763 412 823 Quippe
446 763 586 822 longe
618 763 836 808 maiorem
865 771 1040 824 partem
1081 764 1229 810 classis
1264 765 1385 809 eirca
1414 764 1605 818 Veliam,

202 832 510 889 .Palinurique
535 832 921 891 promontorium,
955 833 1114 877 adorta
1148 833 1211 877 vis
1248 832 1393 876 Africi
1432 834 1605 877 lacera-

223 901 285 945 vit
318 916 372 947 ae
405 901 591 945 distulit.
661 901 732 945 Ea
763 901 987 960 patrando
1019 902 1143 955 bello
1171 915 1299 945 mora
1333 901 1440 958 fuit,
1461 901 1604 959 quod

224 977 386 1030 postea
426 969 587 1024 dubia,
631 960 675 1013 et
721 969 947 1014 interdum
985 970 1166 1030 ancipiti
1208 970 1387 1014 fortuna
1425 974 1605 1031 gestum

185 1042 307 1085 4‘est.
354 1039 493 1084 Nam
531 1044 575 1082 et
611 1036 759 1083 classis
792 1039 954 1084 eodem
996 1039 1103 1084 loco
1137 1045 1295 1084 vexata
1325 1045 1389 1083 est
1427 1044 1607 1099 tempe-

223 1114 362 1163 state,
401 1113 445 1152 et
471 1113 522 1152 ut
552 1107 701 1152 navali
726 1109 876 1167 primo
915 1109 1091 1168 praelio
1132 1107 1256 1168 apud
1287 1100 1440 1166 Mylas
1468 1107 1607 1152 ductu

221 1177 461 1242 Agrippae
511 1181 765 1235 pugnatum
804 1191 1047 1237 prospere3
1093 1177 1157 1220 ita
1190 1177 1421 1235 inopinato
1448 1177 1607 1222 classis

223 1240 441 1301 adventu,
476 1245 626 1306 gravis
657 1247 738 1290 sub
766 1245 904 1304 ipsius
933 1246 1135 1291 Caesaris
1169 1245 1307 1290 oeulis
1335 1246 1453 1290 eirca
1478 1245 1607 1289 Tau—

222 1316 475 1359 romenium
514 1318 705 1373 accepta
735 1313 913 1359 clades:
956 1330 1104 1371 neque
1135 1314 1192 1358 ab
1226 1315 1326 1373 ipso
1353 1312 1607 1373 periculum

226 1384 383 1428 abfuit.
453 1375 710 1445 Legiones,
740 1397 858 1441 quae
882 1397 985 1428 eum
1011 1380 1257 1428 Cornificio
1292 1382 1421 1426 erant
1452 1382 1607 1443 legato

227 1444 454 1507 Caesaris,
498 1452 728 1512 expositae
763 1452 810 1495 in
847 1458 992 1510 terra,
1035 1467 1155 1513 pene
1176 1454 1221 1495 ‘a
1257 1449 1486 1511 Pompeio
1519 1467 1609 1511 op·-

187 1532 406 1582 5pressae
436 1526 547 1565 sunt.
619 1520 714 1566 Sed
750 1521 953 1581 ancipitis
981 1520 1163 1566 fortuna
1189 1520 1405 1581 temporis
1436 1526 1609 1566 matura

225 1592 388 1636 virtute
427 1594 644 1635 correcta.
713 1590 962 1649 Explicatis
996 1591 1168 1651 quippe
1205 1589 1433 1648 utriusque
1470 1591 1609 1650 partis

227 1661 463 1716 classibus,
517 1673 636 1718 pene
681 1660 885 1704 omnibus
938 1667 1092 1710 exutus
1134 1660 1320 1704 navibus
1364 1660 1608 1719 Pompeius

226 1729 381 1775 Asiam
436 1726 551 1788 fuga
603 1728 784 1788 petivit,
841 1729 1051 1787 iussuque
1103 1728 1172 1773 M.
1219 1729 1427 1785 Antonii,
1483 1728 1609 1774 cuius

273 1884 308 1927 §.
336 1883 372 1919 2.
399 1883 479 1917 Hac
501 1882 616 1917 classi.
646 1884 833 1919 Vascosan.
856 1887 891 1920 et
1004 1884 1036 1926 ἓ.
1070 1883 1111 1918 ·5.
1160 1883 1230 1918 Sed
1261 1882 1422 1927 ancipitis
1459 1884 1608 1925 fortuna

188 1932 195 1934 ξ
229 1930 357 1966 Editor
378 1929 490 1965 Basil.
513 1929 594 1963 Hac
619 1930 741 1965 classe.
955 1932 1118 1974 temporis
1153 1934 1220 1964 etc.
1244 1929 1389 1963 Malim.
1423 1929 1494 1963 Sed
1516 1929 1608 1962 anci-

951 1977 1036 2021 pitis
1078 1978 1226 2020 fortuna
1268 1975 1432 2019 temporis
1471 1980 1609 2009 mature

954 2023 1083 2058 virtute
1106 2023 1270 2059 correcta.
1295 2020 1458 2065 quamvis
1479 2022 1611 2063 vulgffi

953 2072 1029 2103 tum
1063 2078 1133 2102 non
1165 2068 1327 2102 damnem
1371 2068 1417 2102 ob
1450 2066 1610 2102 11.125.

939 2116 1024 2160 3εά
1047 2115 1132 2149 haec
1156 2115 1274 2148 omnia
1302 2115 1428 2148 veteris
1457 2115 1610 2157 impera
1610 2122 1619 2130 ²

953 2162 1039 2196 toris
1076 2161 1262 2195 maturitas
1300 2160 1396 2194 brevi
1426 2161 1530 2205 sopiit
1568 2171 1610 2194 ac

955 2209 1103 2243 sustulit.
1135 2206 1281 2242 Locutio
1297 2209 1480 2250 fortunam
1502 2207 1610 2240 corri-

228 2278 264 2313 6
285 2279 470 2323 virginem,
499 2288 605 2321 quam
629 2278 785 2318 amabat
809 2289 887 2312 eam
953 2265 1047 2299 gere
1070 2258 1184 2288 sumta
1217 2257 1270 2287 est
1292 2263 1314 2286 a
1336 2252 1506 2286 Sallustio
1528 2253 1611 2325 lugL

227 2326 359 2368 confeci
387 2325 461 2358 sine
501 2322 670 2357 molestia.
712 2323 800 2358 Vide
830 2324 886 2359 In·
954 2301 1012 2335 Μ’
1048 2301 1087 2334 8⁸
1108 2303 1206 2344 forte
1238 2303 1392 2334 mnata
1425 2299 1536 2334 Marii
1556 2304 1592 2334 te

227 2374 340 2416 temp,
364 2371 421 2406 aa.
445 2368 523 2405 niv.
548 2370 661 2405 xxv.
681 2369 739 2404 27.
954 2348 1110 2382 mmm·
1162 2398 1166 2400 ,

275 2441 310 2484 5.
340 2439 375 2475 4.
409 2439 586 2484 inopinato
611 2439 730 2473 classis
753 2439 887 2473 adven-
999 2439 1118 2473 Asiam
1156 2443 1255 2487 suga
1298 2441 1434 2486 petivit.
1487 2437 1610 2473 Livius

226 2489 278 2521 tu.
310 2487 454 2521 Revoca
475 2496 598 2519 vocem
630 2485 808 2529 elapsam:
831 2487 887 2520 in·
953 2486 1020 2530 Ep.
1039 2486 1124 2519 129.
1162 2489 1278 2522 Victus
1309 2487 1433 2522 deinde
1466 2485 1609 2528 Pompe-

227 2533 367 2576 opz‘nato
399 2533 519 2566 classis
552 2531 723 2566 adversae
754 2533 887 2566 adven·
953 2533 1007 2566 ius
1049 2532 1087 2565 in
1127 2532 1286 2568 Siciliam
1327 2532 1497 2578 profugit,
1537 2531 1608 2564 Sed

226 2582 278 2613 tu.
318 2578 497 2613 Omissum
535 2581 587 2612 est
627 2579 799 2613 adversae
838 2579 885 2614 ob
952 2578 1005 2613 ibi
1027 2589 1166 2622 quoque
1187 2580 1394 2626 legendum.
1426 2580 1465 2613 in
1488 2577 1608 2612 Asiam

226 2623 358 2658 similes
381 2625 456 2659 fere
478 2624 637 2669 syllabas
659 2624 697 2659 iu
720 2625 884 2660 adventu.
948 2625 1120 2670 profugit.
1147 2630 1188 2660 ut
1210 2627 1288 2661 Liv.
1311 2637 1393 2660 cum
1415 2623 1496 2659 aliis
1519 2622 1607 2658 scri-

184 2713 185 2716 *
227 2670 324 2705 Idem
346 2670 456 2705 etiam
479 2670 625 2709 Heinsio
657 2670 696 2708 in
729 2676 885 2709 meatem
949 2671 1126 2727 moribus,
1156 2684 1247 2718 quos
1276 2671 1453 2708 Drakenb.
1476 2669 1608 2711 laudat,

226 2715 363 2753 venisse
383 2716 497 2752 video.
789 2751 791 2754 ,
949 2717 1152 2761 consentiat.

273 1999 426 2035 duxisset
459 2009 537 2032 eam
568 1992 721 2032 uxorem.
753 1997 889 2033 Prono-

226 2053 309 2081 men
333 2057 410 2081 eam
433 2056 503 2079 non
525 2044 674 2079 debebat
705 2043 801 2079 viros
825 2046 889 2078 do-

227 2098 302 2127 ctos
334 2092 530 2133 offendere,
583 2090 676 2135 quod
718 2091 887 2126 sexcentis

227 2139 315 2174 locis
348 2138 548 2180 abundare,
588 2140 666 2182 post
699 2137 800 2172 toties
830 2149 884 2172 re-

226 2186 353 2230 petitas
376 2184 587 2219 criticorum
619 2183 887 2227 admonitiones,
