1728 3054
205 223 235 263 s
397 204 399 206 ’
507 216 553 260 c.
583 218 868 261 vunnu
898 218 1294 262 rusiacum

210 349 309 378 mus
352 331 543 378 Archon
588 323 778 377 Athenis
821 331 920 378 fuit.
988 332 1065 379 Ab
1112 332 1207 379 hoc
1253 334 1423 394 posteri
1466 334 1592 398 apud

210 402 385 447 Atticos
422 400 531 445 dicti
566 399 887 446 Medontidae:
921 401 1003 446 sed
1035 402 1081 459 ii,
1115 403 1484 462 insequentesque
1502 405 1594 449 Ar-

211 470 422 523 chontes,
466 484 606 527 usque
650 469 724 514 ad-
753 469 1040 531 Charopem,
1085 471 1196 517 dum
1229 471 1450 528 viverent,
1492 487 1597 517 eum

174 538 435 586 5hon0rem
470 539 756 597 usurpabant.
825 540 1165 600 Peloponnesii,
1201 540 1504 600 digredientes
1537 541 1597 585 fi-

214 606 342 650 nibus
375 607 556 663 Atticis,
591 606 857 668 Megaram,
891 609 1090 654 mediam
1125 609 1346 655 Corintho
1382 610 1597 655 Athenis-

215 690 305 732 que
348 676 530 734 urbem,
586 677 845 722 condidere.
924 678 995 723 Ea
1045 684 1313 739 tempestate
1369 684 1414 730 et
1456 678 1598 738 Tyria

215 743 390 799 classis,
433 744 680 804 plurimum
726 746 904 806 pollens
953 747 1091 803 mari,
1137 749 1183 792 in
1223 748 1385 792 ultimo
1428 747 1600 808 Hispa-

214 813 314 857 niae
347 819 515 869 tractu,
558 815 606 858 in
641 821 841 859 extremo
877 816 1014 859 nostri
1057 817 1176 861 orbis
1209 818 1426 872 termino,
1474 817 1600 861 insu-

214 883 306 926 lam
352 882 667 928 circumfusam
713 883 925 938 Oceano,
978 885 1230 946 perexiguo
1275 901 1303 930 a
1357 875 1601 930 continenti

215 950 403 995 divisam
444 952 585 1009 freto,
642 952 812 997 Gadeis
866 952 1080 997 condidit.
1158 955 1235 998 Ab
1285 954 1444 999 iisdem
1495 960 1602 1015 post

213 1035 386 1080 paucos
421 1035 559 1065 annos
589 1022 637 1065 in
671 1022 828 1066 Africa
868 1020 1005 1067 Utica
1050 1021 1233 1067 condita
1273 1028 1350 1069 est.
1417 1023 1602 1069 Exclusi

214 1089 274 1133 ab
322 1089 576 1135 Heraclidis
622 1089 792 1136 Orestis
834 1090 990 1147 liberi,
1043 1090 1282 1150 iactatique
1325 1105 1428 1137 cum
1470 1091 1602 1136 variis

215 1158 410 1214 casibus,
457 1165 553 1203 tum
587 1159 768 1204 saevitia
794 1160 959 1215 Jnaris,
1004 1160 1342 1217 quintodecimo
1378 1174 1495 1205 anno
1529 1176 1603 1206 se-

216 1227 323 1272 dem
358 1242 523 1287 cepere
556 1229 676 1274 circa
710 1228 909 1273 Lesbum
943 1229 1146 1276 insulam.

355 1296 491 1342 CAP.
524 1296 606 1342 Ill.
676 1297 799 1344 Tum
828 1297 1023 1344 Graecia
1055 1298 1258 1344 maximis
1292 1310 1506 1344 concussa
1537 1301 1604 1342 est

214 1365 424 1411 motibus.
467 1365 646 1409 Achaei
678 1380 734 1410 ex
767 1365 995 1412 Laconica
1028 1367 1174 1426 pulsi,
1210 1381 1284 1413 eas
1319 1381 1603 1427 occupavere

216 1434 366 1492 sedes,
413 1448 524 1494 quas
565 1448 684 1481 nunc
731 1434 954 1481 obtinent:
1006 1434 1203 1496 Pelasgi
1234 1433 1437 1481 Athenas
1473 1450 1605 1481 com-

259 1536 262 1539 .
317 1525 326 1541 K
434 1536 438 1540 .

261 1581 294 1623 §.
317 1578 352 1614 4.
375 1579 437 1614 secl
459 1580 497 1616 ii.
519 1580 658 1626 Ethpr.
682 1581 743 1616 sed
766 1580 829 1616 hii.

261 1629 294 1669 §.
319 1626 353 1661 5.
379 1626 628 1673 Peloponnesii.
651 1628 716 1662 Ed.
739 1640 791 1672 pr.
812 1627 877 1662 Pe-

215 1672 409 1717 loponnesi,
457 1678 496 1708 ut
527 1676 552 1709 1.
587 1675 622 1708 9.
655 1675 778 1708 Octavi
812 1685 877 1718 pro

216 1719 364 1755 Octavii.
397 1721 440 1757 11.
464 1721 498 1756 7.
524 1721 640 1767 Opimi
659 1732 723 1766 pro
736 1720 876 1766 Opimii.

214 1769 250 1799 et
273 1766 415 1810 passim.

264 1813 462 1857 Megaram.
490 1813 642 1858 Megara
673 1812 799 1847 melius
822 1811 877 1846 vi·-

215 1857 316 1892 detur
340 1859 495 1892 Heinsio.
520 1859 588 1892 Sed
611 1859 781 1892 feminina
800 1860 876 1893 for-

215 1915 276 1938 ma
307 1909 358 1938 est
380 1905 472 1948 apud
503 1904 645 1939 idoneos
676 1905 876 1949 scriptores,

195 1956 301 1994 'quos
347 1951 490 1985 laudant
534 1951 666 1985 Duker.
711 1952 757 1985 ad
798 1951 875 1986 Liv.

215 1997 344 2033 XXXI.
379 1998 437 2031 22.
487 2000 522 2030 et
568 1997 792 2043 Oudendorp.
832 1997 878 2032 ad

215 2042 358 2079 Sueten.
383 2044 502 2078 Tiber.
527 2042 562 2078 4.

262 2103 300 2135 in
324 2107 473 2135 extremo
496 2100 604 2136 nostri
636 2100 727 2135 orbis
757 2100 878 2135 termi-

216 2159 273 2182 no.
296 2149 338 2182 In
360 2148 618 2191 abiiciendum,
642 2152 682 2181 ut
704 2148 793 2181 haec
817 2158 879 2190 per

217 2194 491 2238 appositionem,
515 2205 622 2238 quam
647 2192 880 2228 Grammatici

217 2244 356 2283 vocant,
375 2241 610 2285 accipiantur.

263 2298 414 2332 insulam
447 2299 699 2341 circumfusam.
730 2296 795 2331 Ed.
825 2307 880 2341 pr.

188 2345 333 2382 ⁴insula
373 2343 627 2389 circumfusam.
672 2343 763 2387 quod
797 2354 878 2378 cor-

215 2394 379 2425 rexerunt
401 2391 489 2426 lunt.
516 2396 552 2426 et
576 2390 697 2425 Editor
720 2389 830 2424 Basil.

269 2442 370 2484 Utica
394 2450 534 2484 condita
558 2453 621 2484 est.
654 2447 730 2481 Etsi
761 2446 880 2480 Velle·
906 2484 909 2486 ,

216 2495 272 2530 ius
310 2508 378 2530 non
411 2496 552 2539 quidem
591 2493 739 2538 singulis
775 2492 881 2537 pagi-

217 2542 293 2584 nis,
318 2547 356 2577 ut
379 2543 475 2576 voss.
512 2542 556 2577 ad
588 2542 617 2576 Ι.
649 2539 684 2574 6.
719 2542 754 2572 et
786 2540 881 2574 Bur-

216 2599 362 2622 mannus
385 2589 429 2622 ad
452 2590 497 2623 11.
521 2587 604 2624 111.
625 2586 793 2627 scribunt,
818 2585 878 2620 sed

215 2637 332 2669 tamen
382 2635 619 2679 frequentius,
674 2632 795 2676 (certe
840 2634 880 2667 ut

214 2692 306 2715 nunc
330 2686 380 2715 est
391 2682 421 2726 ,)
459 2682 599 2717 easdem
630 2690 734 2713 voces
762 2679 880 2720 iterat,

215 2738 323 2771 quam
369 2727 489 2762 diserti
540 2727 727 2771 scriptores
765 2725 882 2759 facere

216 2774 349 2817 solent,
395 2774 555 2819 displicet
584 2777 703 2810 tamen
735 2772 883 2807 verbum

944 1579 1089 1615 condere
1112 1582 1187 1615 tam
1219 1577 1339 1623 paucis
1370 1578 1529 1613 versibus
1551 1580 1606 1614 ter

942 1627 1143 1670 repetitum.
1190 1626 1334 1660 Malim:
1384 1626 1487 1660 Utica
1523 1637 1606 1659 con-

943 1675 1067 1708 stituta
1104 1678 1166 1708 est.
1197 1673 1295 1707 Mela
1325 1672 1356 1707 Ῑ.
1389 1672 1447 1706 11.
1479 1671 1606 1706 consti-

943 1725 1023 1755 tuta
1065 1721 1148 1754 urbs
1192 1720 1303 1753 mirae
1349 1718 1606 1764 magnitudinis

943 1767 1110 1811 Babylon.
1143 1766 1221 1810 lpse
1245 1764 1397 1799 Velleius
1428 1765 1456 1798 l.
1480 1764 1514 1799 4.
1548 1775 1606 1797 co·-

942 1814 1141 1858 gnomiuem
1155 1812 1296 1856 patriae
1315 1823 1400 1845 suae
1419 1811 1605 1845 Salamina

943 1860 1129 1893 constituit.
1163 1859 1191 1892 1.
1216 1858 1250 1892 1.
1283 1858 1449 1901 urbesque
1479 1857 1607 1890 consti-

943 1910 1040 1939 tuere
1072 1906 1267 1949 Ephesum,
1299 1904 1471 1940 Miletum.
1516 1902 1603 1937 ibid.

944 1956 1015 1986 tres
1038 1952 1087 1985 ibi
1109 1951 1209 1984 urbes
1231 1950 1367 1984 statuit.
1392 1949 1511 1993 Aeque
1533 1950 1607 1982 fre-

944 2008 1052 2040 quens
1090 2000 1142 2031 est
1180 2007 1309 2041 ponere
1348 1996 1479 2032 urbem.
1518 1995 1608 2029 Vide

943 2044 1152 2088 Interpretes
1191 2042 1236 2076 ad
1265 2041 1393 2086 Virgil.
1440 2042 1528 2076 Aen.
1560 2041 1606 2077 11.

944 2089 1026 2125 295.
1051 2093 1087 2124 et
1110 2089 1155 2124 ad
1179 2087 1284 2124 Ovid.
1305 2089 1391 2123 Met.
1415 2088 1477 2122 111.
1501 2087 1559 2122 13.

991 2169 1108 2203 sedem
1131 2180 1250 2214 cepere
1273 2168 1366 2203 cirea
1383 2168 1529 2203 Lesbum
1551 2167 1608 2202 in-

946 2217 1072 2251 sulam.
1110 2215 1275 2250 Heinsius
1312 2215 1357 2249 ad
1395 2226 1473 2259 cap.
1509 2225 1607 2258 sequ.

947 2262 1127 2296 emendat:
1151 2263 1267 2296 sedem
1309 2272 1428 2305 cepere
1453 2261 1603 2294 Lesbum

947 2310 1121 2350 insulam,
1150 2309 1320 2352 circaque.
1359 2307 1457 2342 cuius
1495 2306 1608 2340 ratio-

944 2366 1025 2390 nem
1055 2355 1182 2398 probat
1214 2353 1354 2388 Cortius
1385 2353 1431 2387 ad
1461 2353 1607 2387 Sallust.

946 2401 1048 2436 Catil.
1080 2400 1138 2435 30.
1162 2401 1326 2434 Ceterum
1349 2399 1489 2445 Lipsius
1510 2399 1609 2433 aliud

947 2448 1099 2493 agebat,
1133 2458 1213 2480 cum
1236 2450 1400 2491 negaret,
1435 2446 1548 2479 ullum
1571 2456 1609 2478 se

949 2498 1130 2529 auctorem
1164 2493 1296 2527 habere
1329 2493 1373 2526 de
1413 2492 1527 2526 Lesbo
1561 2492 1607 2526 ab

950 2539 1084 2575 Orestis
1124 2538 1244 2573 liberis
1285 2543 1467 2583 occupata.
1525 2537 1609 2571 Pin-

946 2587 1069 2621 darum
1083 2610 1094 2629 ,
1118 2585 1351 2628 Strabonem,
1383 2583 1607 2628 Pausaniam,

946 2633 1187 2674 Athenaeum,
1230 2632 1337 2674 alios,
1377 2634 1480 2666 testes
1522 2629 1610 2665 citat

946 2680 1145 2721 nachowe,
1195 2689 1264 2712 non
1308 2677 1450 2723 vulgari
1491 2675 1607 2710 erudi-

948 2725 1044 2760 tione
1075 2725 1118 2759 de
1148 2725 1217 2758 hac
1257 2724 1395 2772 colonia
1417 2723 1608 2768 disputans,

950 2772 995 2808 ad
1019 2771 1119 2809 Ovid.
1141 2771 1311 2816 Ep.V111.
1333 2781 1416 2817 pag.
1434 2769 1516 2806 37⁰.
