1728 3054
266 187 374 224 cxlv
550 219 554 222 .
585 179 856 223 NOTITIA
906 178 1329 224 LITTERARIA

268 295 371 335 leius
398 294 614 334 Caesarum
651 291 1008 344 potentiorumque
1049 291 1269 334 aulicorum
1300 294 1458 346 landem
1489 297 1653 337 adulan-

269 357 333 393 ter
362 357 404 391 et
432 364 523 389 cum
555 349 828 389 admirationis
858 361 981 389 sensu
1009 350 1328 402 praedicaverit,
1356 351 1398 390 id
1430 355 1557 405 magis
1588 368 1653 393 εει

269 408 374 456 culi,
426 419 544 458 quam
582 405 738 458 ipsius,
774 405 870 445 vitio
907 406 1082 446 dandum
1120 420 1214 447 esse
1255 408 1428 449 videtur.
1488 411 1650 450 Etenim

271 475 411 504 omnes
452 462 567 511 fere,
612 462 680 514 qui
726 462 902 503 Romani
939 463 1111 503 nominis
1159 469 1297 510 erant,
1340 466 1403 504 vel
1445 466 1652 507 beneficiis

271 522 561 573 Imperatorum
591 519 802 568 obstricti,
830 519 895 558 vel
923 523 1036 560 metu
1066 520 1348 561 dominationis
1376 523 1533 574 adacti,
1557 525 1653 564 inde

271 578 322 623 ab
351 576 523 627 Augusti
560 575 686 615 initiis
721 575 992 616 ad·intimam
1031 576 1302 618 adulationem
1348 579 1507 632 delapsi
1547 585 1652 620 sunt.

270 635 334 674 Ea
378 640 537 684 quoque
575 637 639 672 est
677 626 916 684 scriptorum
955 634 1167 685 poetarum
1207 634 1456 688 principum,
1492 638 1653 689 poetico

273 689 438 742 quidem
477 688 622 742 spiritu
659 689 971 740 excusabilium,
1019 702 1149 741 aeque
1184 703 1232 730 ac
1269 693 1540 743 prosaicorum
1579 706 1653 746 per

272 750 457 798 tempora
492 746 772 786 dominationis
819 747 1104 798 imperatoriae
1149 759 1227 786 vox
1270 754 1466 802 perpetua
1517 753 1561 789 et
1596 751 1653 789 ita

273 802 519 851 communis,
548 808 594 842 ut
621 803 775 843 servilis
798 804 979 850 animus,
1009 816 1126 854 quem
1156 803 1260 844 istae
1287 818 1408 846 voces
1437 807 1655 859 spirabant,

273 860 339 900 vix
366 860 417 899 ab
445 859 571 911 ipsis,
597 859 663 898 vix
692 860 742 899 ab
773 859 1005 911 aequalibus
1034 860 1267 901 sentiretur.

388 916 466 967 Qui
503 913 658 955 deinde
695 916 870 968 penitius
898 914 1187 956 intellexerunt
1215 917 1306 958 illos
1338 918 1581 971 scriptores,
1612 922 1655 958 et

274 973 407 1026 ipsum
447 971 674 1020 Velleium,
726 985 796 1012 eos
834 985 914 1012 non
957 972 1065 1024 fugit
1101 972 1280 1015 liberalis
1329 976 1490 1026 quidam
1535 975 1656 1014 animi

274 1031 445 1071 istorum
475 1029 663 1082 spiritus,
692 1029 768 1068 sed
796 1029 987 1082 prudenti
1019 1033 1107 1069 arte
1135 1031 1237 1070 mire
1265 1036 1525 1085 temperatus.
1560 1031 1656 1072 Vel-

275 1087 378 1128 leius
418 1087 524 1125 enim
562 1087 666 1125 bene
709 1085 835 1125 multa
874 1086 1012 1134 dedit,
1062 1086 1104 1125 in
1149 1088 1276 1140 priori
1313 1089 1485 1128 maxime
1523 1089 1656 1141 operis

274 1148 414 1196 parte,
453 1142 653 1182 liberioris
682 1143 846 1195 spiritus
875 1142 1137 1193 documenta,
1175 1145 1318 1196 quibus
1345 1146 1432 1185 veri
1459 1145 1657 1198 aequique

275 1213 440 1240 sensum
476 1200 682 1252 probavit,
723 1203 766 1238 et
801 1213 826 1238 a
853 1199 1028 1252 partium
1067 1200 1202 1240 studio
1244 1202 1419 1242 alienum
1456 1215 1500 1241 se
1541 1203 1655 1254 prae-

275 1257 391 1297 stitit.
449 1256 552 1295 Cum
580 1256 687 1295 enim
717 1256 969 1308 optimatium
998 1269 1143 1296 causae
1172 1270 1220 1298 ac
1240 1260 1422 1311 partibus
1445 1259 1651 1298 addictum

276 1325 324 1353 se
351 1312 615 1365 patefecerit,
643 1316 800 1361 tamen,
828 1312 892 1351 vel
919 1311 1026 1352 vitiis
1054 1314 1377 1355 adversariorum
1396 1328 1535 1354 earum
1564 1329 1655 1367 par-

276 1369 375 1410 tium
407 1369 638 1419 castigatis,
672 1369 841 1409 virtutes
879 1369 1024 1408 horum
1062 1383 1142 1410 non
1170 1373 1338 1421 reticet,
1375 1374 1510 1424 potius
1540 1385 1657 1423 egres

276 1426 345 1478 gie
374 1425 596 1475 collaudat3
635 1431 774 1464 contra
809 1425 851 1464 in
890 1426 1150 1478 optimatibus
1187 1429 1308 1468 etiam
1336 1440 1471 1468 mores
1499 1441 1655 1482 pravos,

277 1482 570 1530 temeritatem„
595 1482 822 1533 saevitiam,
850 1482 1140 1534 impotentiam,
1167 1484 1324 1536 aliaque
1351 1485 1445 1525 vitia
1473 1488 1656 1536 agnoscit

275 1542 321 1580 et
349 1539 565 1591 vituperat.
622 1538 671 1578 Id
697 1540 800 1578 adeo
830 1538 967 1578 facere
995 1552 1075 1579 non
1105 1541 1321 1591 dubitavit,
1357 1542 1427 1581 ubi
1463 1542 1515 1582 ad
1554 1542 1655 1581 Cae-

277 1596 379 1636 saris
415 1599 458 1635 et
495 1595 749 1647 insequentia
783 1599 967 1648 tempora
1002 1598 1207 1650 pervenit,
1253 1599 1307 1638 de
1355 1599 1520 1652 quibus,
1564 1599 1654 1651 ipse

277 1655 372 1706 post
399 1652 640 1692 exstinctam
667 1652 898 1693 libertatem
929 1653 1003 1693 sub
1029 1654 1148 1695 unius
1174 1655 1362 1708 auspiciis
1377 1659 1528 1706 'natuS,
1563 1669 1653 1695 cnm

276 1707 604 1762 prudentioribus
640 1709 789 1759 sensit,
829 1710 898 1760 qui
935 1723 1023 1750 rem
1058 1711 1175 1752 Rom.
1213 1713 1266 1753 ad
1301 1726 1392 1753 eam
1428 1717 1655 1765 temporum

277 1766 563 1805 necessitatem
603 1777 695 1805 esse
723 1766 927 1805 redactam
956 1771 1167 1818 putarent,
1206 1774 1253 1808 ut
1289 1771 1405 1809 unius
1443 1769 1653 1820 imperium

276 1822 480 1861 communi
514 1820 634 1861 saluti
671 1835 790 1873 quam
818 1823 991 1862 maxime
1019 1825 1276 1864 conduceret.
1335 1826 1508 1865 Catones
1539 1827 1655 1871 adeo,

274 1877 425 1918 Brutos
454 1882 498 1919 et
525 1877 688 1919 Cassios
717 1878 960 1927 admiratur,
990 1892 1211 1933 eorumque
1237 1882 1424 1922 virtutem
1442 1911 1454 1932 ,
1492 1882 1654 1921 sortitu-

277 1934 435 1986 dinem,
472 1934 703 1985 ingenium,
741 1934 922 1986 inprimis
950 1935 1009 1987 Μ.
1039 1937 1173 1989 Bruti,
1210 1939 1420 1990 insigniter
1461 1938 1655 1986 celebrat,

275 1991 560 2042 fortunamque
589 2002 728 2030 eorum
757 2004 849 2030 cum
876 1992 987 2044 gravi
1016 2005 1139 2033 sensu
1166 2000 1345 2042 enarrat3
1376 1995 1480 2051 (vid.
1509 1994 1556 2034 11.
1585 1997 1654 2036 35.

276 2050 345 2091 58.
374 2050 442 2090 69.
470 2045 564 2102 72.)
591 2051 724 2099 ne‘que
752 2051 912 2096 tamen,
945 2061 1049 2101 quae
1077 2051 1337 2103 vituperanda
1360 2056 1475 2091 erant
1505 2052 1545 2090 in
1577 2052 1654 2090 Ca-

276 2107 397 2152 tone,
433 2105 603 2152 reticet,
643 2103 752 2158 (vid.
781 2105 832 2145 11.
861 2107 930 2147 45.
957 2107 1049 2161 49.)
1078 2112 1120 2147 et
1148 2121 1428 2160 percussorum
1468 2108 1653 2148 Caesaris

275 2161 478 2213 ingratum
511 2161 686 2201 animum
722 2165 842 2214 atque
871 2174 1032 2202 causam
1069 2165 1279 2217 improbat.
1302 2172 1311 2180 ⁸
1337 2165 1520 2206 Caesaris
1550 2165 1653 2204 adeo

276 2230 438 2258 errores
466 2222 510 2259 et
536 2217 845 2271 imprudentiam
872 2220 1023 2272 tangit,
1056 2218 1140 2276 (11.
1170 2223 1237 2265 35.
1266 2226 1333 2265 44.
1362 2219 1432 2265 4'5.
1462 2219 1552 2276 56.)
1582 2234 1652 2260 ne-

272 2287 358 2326 que
386 2287 458 2324 ea,
496 2287 600 2326 quae
634 2275 816 2327 Augusto
855 2276 1043 2328 imputari
1077 2283 1283 2330 poterant,
1327 2284 1370 2319 et
1401 2292 1424 2318 a
1454 2278 1653 2317 nonnullis

275 2344 371 2372 tere
398 2331 720 2384 imputabantur,
756 2332 918 2372 silentio
954 2337 1248 2386 praetermisit3
1283 2337 1360 2376 vid.
1396 2335 1445 2376 11.
1487 2338 1555 2376 (56.
1584 2337 1653 2376 74.

272 2388 361 2429 Sed
388 2388 429 2428 in
457 2387 522 2428 his
549 2389 670 2428 rebus
695 2390 914 2429 tractandis
952 2403 1000 2429 ea
1035 2396 1122 2431 arte
1158 2406 1254 2432 usus
1284 2398 1366 2442 est,
1405 2392 1578 2444 primum
1608 2395 1653 2430 ut

274 2444 318 2484 in
347 2444 584 2485 adversariis
613 2445 798 2486 Caesaris
837 2447 999 2486 nimiam
1039 2455 1199 2489 caveret
1237 2450 1395 2490 laudem
1412 2478 1422 2498 ,
1453 2459 1651 2500 quamque

271 2500 326 2540 iis
354 2502 577 2551 tribueret,
618 2515 705 2542 eam
742 2502 851 2542 haud
890 2504 1092 2543 immerita
1127 2507 1418 2558 vituperatione
1448 2510 1651 2557 tempera-

273 2561 362 2607 ret3
400 2558 548 2598 deinde
576 2561 622 2598 ut
649 2559 865 2599 Caesarum
895 2573 1053 2600 errores
1083 2561 1288 2603 lenissime
1317 2567 1524 2614 tangeret3
1548 2560 1647 2614 (vid.

274 2612 323 2653 ll.
363 2612 453 2670 35.)
493 2619 578 2654 tum
613 2619 659 2656 ut
700 2629 862 2667 eorum,
892 2630 995 2668 quae
1023 2618 1067 2657 hi
1097 2619 1368 2671 deliquerant,
1412 2619 1570 2671 culpam
1607 2617 1648 2655 in
1723 2625 1728 2659 ἐ

272 2669 374 2709 alios
391 2716 395 2719 ,
411 2671 635 2723 relegaret3
674 2670 772 2727 (vid.
800 2672 849 2714 ll.
881 2677 950 2716 50.
979 2677 1046 2716 56.
1078 2678 1146 2718 66.
1175 2674 1265 2732 7⁴4.)
1302 2677 1476 2727 denique
1514 2675 1555 2712 in
1584 2673 1648 2712 his

264 2727 435 2768 omnino
471 2728 621 2770 famam
658 2729 884 2783 iudiciaque
920 2731 1036 2773 aulae
1064 2738 1314 2785 sequeretur.
1371 2732 1646 2773 Certissimum

1726 2412 1728 2453 l

1725 2478 1728 2512 i

1723 2513 1728 2624 ς

1720 2663 1728 2779 ἒ,
