1728 3054
289 202 373 248 148

589 200 636 243 C.
661 199 938 242 VELLEH
975 199 1364 246 PATERcUm

288 322 356 361 tot
383 315 582 374 talesque
617 315 991 375 Pompeianarum
1015 316 1207 376 partium
1235 331 1384 367 caesos
1408 318 1537 371 viros,
1564 333 1653 363 non

250 384 447 443 4recipit
475 384 718 428 enarranda
746 384 822 430 hic
851 386 1096 443 scripturae
1129 384 1301 429 modus.
1347 383 1469 430 lllud
1497 393 1655 431 notan-

288 453 397 496 dum
424 458 509 496 est:
545 459 592 496 ut
617 454 812 512 primum
843 452 895 498 C.
917 453 1080 498 Caesar
1109 449 1360 498 inclinatam
1387 453 1497 498 vidit
1517 455 1655 499 Pom-

285 521 548 581 peianorum
583 522 739 576 aciem,
773 536 918 580 neque
945 523 1079 581 prius,
1115 537 1259 580 neque
1286 522 1502 580 antiquius
1533 523 1655 581 quic—

288 605 425 648 quam
463 588 643 645 habuit,
679 605 814 648 quam
841 591 886 635 in
923 592 1090 635 omneis
1121 597 1269 651 partes
1302 592 1382 650 (ut
1409 591 1582 635 militari
1612 596 1656 636 et

248 659 504 711 5verboffet
532 659 847 703 consuetudine
875 660 993 718 utar)
1023 660 1273 704 dimitteret.

286 727 496 772 mortales
510 725 522 771 !

1343 660 1432 703 Pro
1460 659 1535 703 Dii
1568 660 1655 703 im—

575 727 700 786 quod
739 728 868 772 huius
904 728 1138 772 voluntatis
1174 744 1282 788 erga
1322 727 1512 773 Brutum
1550 742 1655 773 suae

248 802 445 856 apostea
472 796 540 840 vir
569 802 661 841 tam
691 796 805 840 mitis
840 797 1041 855 precium
1073 796 1205 841 tulit?
1248 796 1373 841 Nihil
1404 797 1482 840 illa
1511 797 1655 842 victo-

285 865 350 909 ria
387 864 650 919 mirabilius,
673 864 1070 924 4magnificentius‚
1121 865 1280 911 clarius
1320 865 1427 920 fuit,
1472 865 1653 924 quando

284 933 530 989 neminem,
572 933 652 977 nisi
685 933 782 977 acie
811 939 1146 993 consumptum,
1181 933 1322 980 civem
1351 935 1496 993 patria
1533 934 1653 978 desi-

285 1001 478 1047 deravit:
513 1002 592 1046 sed
621 1016 777 1046 munus
814 1002 1140 1047 misericordiae
1169 1002 1366 1062 corrupit
1397 1002 1651 1062 pertinacia,

285 1085 389 1116 cum
420 1070 626 1116 libentius
653 1071 788 1116 vitam
816 1070 958 1116 victor
984 1071 1074 1115 iam
1105 1069 1255 1128 daret,
1288 1085 1423 1129 quam
1444 1072 1548 1116 victi
1574 1085 1652 1117 ac-

285 1139 498 1200 ciperent.

284 1292 465 1327 doctorum
482 1291 526 1326 de
546 1291 657 1326 verbo
673 1291 847 1337 effundere
870 1290 941 1327 dis-

283 1339 490 1384 putationem

330 1405 540 1441 enarranda.
567 1387 689 1439 Editor
710 1404 822 1439 Basil.
841 1415 940 1440 enar·

283 1453 428 1496 raudus,
452 1452 526 1487 sine
548 1451 623 1486 ulla
646 1462 779 1486 caussa.

328 1535 363 1576 §-
397 1531 432 1566 4.
464 1542 568 1577 quam
600 1531 637 1564 in
669 1531 799 1566 omneis
823 1535 942 1586 partes

285 1581 348 1613 etc.
368 1578 552 1612 Vascosan
567 1587 670 1622 qaam
693 1583 733 1612 ut
755 1578 792 1612 in
814 1578 942 1611 omneis

282 1629 414 1670 partes.
460 1623 585 1658 Editor
633 1623 743 1657 Basil.
783 1623 939 1667 scripsit:

285 1682 390 1715 quam
421 1674 460 1704 ut
494 1680 608 1703 omnes
635 1675 752 1714 patres
776 1673 839 1703 etc.
865 1668 940 1703 viri

284 1716 377 1750 docti
415 1715 452 1749 in
493 1715 631 1761 vulgari
673 1715 865 1756 locutione,
903 1715 940 1748 in

285 1773 400 1796 omncs
424 1767 543 1806 partes
577 1762 770 1803 dimittere,
792 1761 940 1795 ridicule

285 1812 456 1852 quaerunt
480 1808 623 1841 verbum
648 1807 825 1848 militare,
847 1807 938 1851 quod

285 1864 306 1887 e
326 1857 484 1887 contextu
507 1853 693 1893 excidisse,
726 1858 819 1886 reete
842 1853 938 1886 vide-

285 1903 367 1934 runt
397 1898 597 1933 Sehesterus
624 1898 724 1932 Misc.
750 1899 832 1932 Obs.
859 1898 936 1933 vol.

285 1945 380 1979 VIII.
412 1956 493 1990 pag.
515 1944 595 1979 46⁰.
628 1949 662 1979 et
684 1944 806 1978 Burm.
831 1944 874 1978 ad
897 1944 934 1978 h.

287 1990 311 2025 l.
342 1990 435 2024 Sane
468 1989 618 2024 Velleius
659 1995 719 2026 aut
747 1991 834 2033 hoc,
876 1993 937 2024 aut

287 2047 357 2070 non
373 2036 520 2070 multum
539 2035 697 2070 dissimili
723 2036 826 2069 modo
852 2035 939 2069 seri-

287 2087 421 2127 psci-at.
443 2093 551 2128 neque
571 2083 689 2127 prius,
710 2092 818 2127 neque
845 2081 938 2115 anti-

289 2129 389 2184 quius
411 2129 590 2174 quicquam
612 2128 753 2170 habuit,
779 2138 880 2172 quam
900 2132 938 2162 ut

289 2186 329 2209 m
359 2186 473 2209 omues
501 2179 621 2219 partes
648 2185 834 2219 praecones
866 2174 938 2207 cla—

290 2226 447 2262 mantes,
488 2230 629 2265 parce
663 2220 865 2261 civibus,
897 2223 937 2254 ut

290 2268 436 2302 militari
459 2271 494 2301 et
515 2267 616 2300 verbo
640 2270 673 2301 et
695 2266 937 2300 consuetudine

291 2318 397 2355 utar,
430 2313 626 2347 dimitteret.
675 2313 746 2346 Res
777 2312 874 2346 clara
904 2314 938 2345 et

290 2357 477 2414 perspicua
508 2361 560 2393 est
590 2369 633 2392 ex
656 2357 836 2392 simillima
857 2367 939 2391 nar-

292 2404 426 2439 ratione
465 2403 612 2459 Appiani
653 2404 696 2438 de
732 2405 775 2438 Β.
811 2404 850 2437 C.
894 2404 937 2437 ΙΙ.

291 2462 375 2496 pag.
399 2448 480 2485 759.
517 2447 700 2507 κήρυκας
713 2451 763 2491 εἰς
785 2446 850 2489 τοὶς
873 2447 938 2484 τά·

293 2497 367 2539 ξεις
386 2497 577 2541 πανταχοῦ
599 2493 836 2539 περιέπεμπεν
855 2495 897 2538 (i.
908 2505 937 2528 e.

293 2543 330 2577 in
352 2554 469 2576 omnes
487 2546 602 2587 partes
625 2542 772 2599 dimisit)
798 2540 835 2577 οι
860 2544 939 2582 τοῖς

294 2590 423 2624 νικῶσι
453 2586 617 2624 ἐκέλευον
641 2586 842 2645 ἀψαυστεῖν
864 2599 936 2622 των

295 2630 511 2678 ὁμοεθνῶν,
544 2634 603 2671 ἐπὶ
627 2633 667 2670 δὲ
687 2648 776 2675 τους
799 2632 938 2676 συμμά-

295 2692 382 2724 χους
425 2680 564 2724 μόνους
614 2685 752 2727 χωρεῖν.
798 2681 936 2714 Sueton.

296 2726 395 2762 cm.
426 2726 483 2763 75.
513 2727 597 2763 Acie
627 2726 830 2763 Pharsalica
856 2737 938 2770 pro·

1009 1291 1195 1335 clamavit,
1226 1296 1266 1327 ut
1296 1292 1422 1327 ciuibus
1442 1295 1651 1336 parceretur.

1005 1338 1132 1373 Florus
1161 1339 1217 1373 IV.
1249 1339 1284 1373 2.
1322 1339 1379 1374 50.
1427 1340 1530 1373 Voces
1569 1351 1652 1383 quo-

1006 1395 1070 1428 que
1094 1385 1318 1429 obequitantis
1341 1389 1518 1429 exceptae,
1538 1385 1652 1418 altera

1005 1435 1159 1472 cruenta,
1177 1430 1239 1464 sed
1261 1430 1372 1471 docta,
1390 1436 1424 1465 et
1445 1431 1493 1464 ad
1513 1430 1652 1464 victori-

1005 1487 1064 1509 am
1080 1478 1221 1520 efficas:
1245 1475 1385 1511 Miles
1405 1476 1570 1511 faciem
1592 1477 1653 1510 fe·-

1005 1521 1067 1555 ri:
1099 1524 1212 1557 altera
1241 1523 1287 1556 ad
1315 1523 1534 1557 iactationem
1561 1534 1652 1557 eom-

1001 1569 1135 1612 posita.-
1179 1569 1322 1602 Parce
1353 1569 1547 1603 civibus.
1589 1567 1651 1602 ubi

1005 1613 1086 1647 vide
1109 1614 1318 1649 Freinshem.
1345 1614 1450 1649 Parce
1470 1620 1587 1650 autem
1605 1625 1651 1648 su

1006 1659 1094 1693 illud
1119 1659 1231 1704 ipsum
1253 1662 1460 1695 vocabulum
1481 1660 1537 1701 sit,
1561 1660 1652 1704 quod

1005 1705 1157 1740 Velleius
1179 1706 1328 1741 militare
1350 1706 1445 1748 dicit,
1468 1711 1507 1741 nt
1529 1706 1653 1740 Schef-

970 1761 978 1768 ·
1004 1751 1078 1786 fero
1103 1753 1235 1797 placet,
1272 1752 1308 1787 in
1337 1753 1450 1787 medio
1481 1752 1650 1796 relinquo,

1003 1798 1088 1831 satis
1128 1799 1278 1842 habens,
1325 1800 1356 1833 si
1391 1799 1503 1833 minus
1543 1799 1651 1833 verbu

1002 1843 1146 1886 velleii,
1170 1847 1208 1879 at
1228 1844 1429 1879 sententiam
1450 1843 1648 1879 restituisse.

1047 1924 1079 1965 §.
1098 1922 1131 1956 5.
1161 1927 1238 1968 post
1260 1934 1348 1958 eam.
1377 1922 1492 1966 Alias,
1514 1929 1648 1969 postea.

1000 1967 1173 2003 Rasna.

1048 2050 1080 2091 §.
1094 2047 1128 2082 6.
1153 2049 1347 2094 corrumpit.
1368 2048 1475 2092 Alias,
1489 2048 1674 2095 corrupit.

1002 2094 1175 2130 anun.

1048 2175 1226 2208 victoriam
1256 2173 1352 2208 aare.
1383 2172 1501 2216 Alias,
1539 2174 1648 2210 victo-

1002 2231 1058 2254 res
1100 2221 1233 2255 darent.
1272 2221 1448 2260 Βιιιιπικ.
1490 2220 1646 2265 Exempl.

1002 2270 1100 2300 vetus
1139 2267 1188 2303 sic
1223 2266 1348 2308 habet,
1395 2269 1433 2300 ut
1462 2265 1647 2312 legendum

1002 2312 1210 2346 existimem:
1242 2323 1318 2345 cum
1349 2311 1506 2346 libentius
1535 2314 1646 2347 vitam

1001 2359 1109 2392 victor
1130 2359 1199 2391 iam
1221 2358 1340 2398 daret,
1361 2369 1464 2403 quam
1484 2361 1551 2392 ete.
1571 2359 1647 2394 Bu-

1002 2414 1086 2439 msn.
1111 2404 1231 2437 Editor
1253 2403 1362 2437 Basil.
1395 2403 1546 2447 ses-ipsiu
1569 2416 1647 2440 eum

1004 2450 1159 2483 libentius
1181 2451 1288 2483 vitam
1309 2449 1417 2484 victor
1438 2450 1549 2485 daret.
1572 2450 1643 2486 Sed

1001 2495 1229 2529 Burerianum
1238 2497 1344 2529 victor
1353 2495 1423 2529 iam
1434 2496 1572 2540 propius
1586 2506 1646 2531 αο-

1001 2541 1091 2574 cedit
1109 2542 1153 2574 ad
1176 2541 1342 2575 Editionis
1359 2553 1410 2584 pr.
1423 2542 1644 2587 scripturam,

1001 2588 1189 2621 victoriam.
1223 2587 1356 2621 Similis
1389 2588 1482 2622 locus
1514 2589 1558 2623 ΙΙ.
1581 2587 1641 2623 85.

1001 2633 1099 2667 citius
1136 2635 1242 2667 vitam
1281 2634 1479 2679 veniamque
1513 2635 1643 2669 Caesar

998 2679 1176 2723 promisit,
1201 2691 1302 2724 qaam
1325 2680 1412 2722 illis,
1435 2684 1474 2714 ιιι
1497 2691 1540 2716 ea
1559 2691 1642 2726 pre-

1001 2729 1182 2768 carentur,
1200 2736 1400 2772 persuasum
1421 2730 1481 2762 eet.
