1728 3054
342 201 426 243 DE
466 198 768 243 anLmo
808 197 1227 244 PATmtano
1335 203 1463 240 scxm

83 312 156 356 bili
192 312 413 367 cupiditate
446 314 701 364 corruptam,
742 310 920 365 indeque
952 310 1151 353 bellorum
1194 310 1458 364 caediumque

81 369 260 412 civilium
295 370 423 418 mula,
469 381 623 409 summu
662 381 754 409 cum
790 369 1062 409 detestatione
1098 368 1295 422 deplorat.
1358 370 1457 410 Pius

31 428 34 429 ⁷
82 432 149 468 est
176 439 274 479 erga
300 427 475 466 maiores
504 429 626 487 atque
659 429 876 476 cognatos,
903 425 994 479 pius
1021 437 1120 478 erga
1146 426 1339 479 patriam,
1362 426 1456 480 pius

82 487 127 524 et
154 488 292 534 gratus
321 495 418 534 erga
444 493 606 531 omnes,
645 481 715 532 qui
742 481 795 520 de
824 494 871 521 se
910 483 1015 522 bene
1053 487 1170 522 erant
1196 483 1354 531 meriti,
1391 482 1456 523 in-

80 539 222 593 primis
252 551 350 591 erga
375 539 599 590 Augustum
627 535 930 590 Tiberiumque,
944 537 1013 590 qui
1039 538 1092 578 ad
1117 538 1294 579 honores
1320 539 1454 592 ipsum

84 600 314 636 evexerant.

196 651 276 702 Qui
301 661 391 690 cum
420 647 542 689 animi
575 646 635 700 pii
669 646 855 699 gratique
883 660 980 700 erga
1007 648 1113 689 bene
1141 649 1194 690 de
1225 650 1340 692 nobis
1368 663 1455 692 me-

82 707 183 748 ritos
220 719 361 746 sensus
395 705 521 746 facile
558 715 633 744 nos
668 704 839 756 abripiat
874 704 928 743 ad
974 717 1113 744 eorum
1150 706 1455 748 admirationem

81 763 363 814 studiumque,
400 766 446 802 ut
473 773 565 801 cum
593 759 703 812 gravi
730 760 880 800 affectu
906 760 950 800 in
975 761 1138 801 laudem
1167 775 1304 804 eorum
1334 763 1454 805 effusi

82 819 318 861 extollamus
346 830 442 866 eos,
468 817 565 857 vitia
593 829 732 856 eorum
760 822 896 856 autem
923 817 989 856 rel
1017 822 1241 867 taceamus,
1279 821 1345 860 vel
1381 822 1455 861 ob·

81 876 337 924 umbremus‚
370 874 435 914 vel
462 874 565 922 adeo
594 885 884 926 expurgemus3
917 873 1008 913 fieri
1036 874 1163 923 solet,
1197 880 1244 915 ut
1276 877 1317 916 in
1354 878 1454 918 adu-

82 932 255 972 latorum
290 943 457 971 numero
495 930 726 970 habeamur.
788 929 902 970 Idem
930 930 1077 970 accidit
1108 930 1286 981 Velleio,
1322 932 1454 985 Impe-

82 993 239 1029 ratores
274 1000 390 1036 suos,
427 998 596 1039 quorum
635 986 843 1026 beneficiis
884 987 1102 1027 obstrictus
1138 992 1225 1039 est,
1278 989 1456 1030 admira-

85 1045 196 1084 tione
235 1048 278 1084 et
303 1044 423 1083 laude
451 1042 722 1096 prosequenti.
779 1042 882 1083 Inde
914 1043 1022 1095 apud
1058 1043 1200 1084 doctos
1238 1045 1280 1084 in
1316 1046 1456 1086 adula-

85 1102 227 1148 tionis,
259 1105 304 1140 et
330 1100 492 1152 quidem
521 1099 723 1148 abiectae,
754 1099 907 1139 crimen
933 1100 1126 1148 incurrit,
1166 1103 1259 1141 cum'
1285 1101 1455 1143 aliorum

83 1157 324 1209 scriptorum
362 1156 577 1196 auctoritas
618 1154 694 1195 hos
739 1154 957 1204 Caesares,
1011 1157 1195 1208 inprimis
1245 1157 1455 1199 Tiberium

85 1213 254 1265 eiusque
279 1213 448 1261 amieos,
477 1224 596 1264 quam
624 1211 875 1252 severissime
902 1212 1112 1252 notaverit.
1167 1213 1323 1255 Horum
1350 1216 1456 1255 vitu-

85 1271 314 1323 peratorum
341 1269 479 1309 Nostri
508 1268 696 1321 princeps
725 1273 791 1308 est
817 1267 960 1308 Iustus
979 1268 1166 1323 Lipsius,
1195 1275 1238 1311 et
1264 1271 1306 1311 in
1335 1285 1454 1324 prae-

85 1322 240 1367 fatione
267 1331 310 1366 et
335 1326 377 1366 in
406 1324 810 1365 animadversionibus
837 1326 988 1377 passim
1014 1338 1107 1366 eum
1136 1335 1315 1379 carpens.
1363 1323 1454 1368 Pri-

87 1395 176 1422 mus
204 1387 343 1422 contra
370 1382 456 1422 eius
482 1381 760 1421 defensionem
782 1381 959 1434 suscepit
977 1381 1248 1422 Rufini-euius
1265 1384 1307 1422 in
1323 1384 1454 1436 praef.

87 1439 277 1479 editionis
304 1451 425 1486 suae,
466 1437 614 1477 deinde
642 1437 784 1476 maiori
811 1450 903 1477 cum
931 1451 1028 1478 cura
1053 1437 1265 1479 Iacob-sius
1291 1440 1334 1479 in
1361 1453 1455 1480 ver-

87 1495 214 1535 sionis
249 1493 484 1534 vernaculae
517 1492 665 1534 velleii
701 1493 965 1545 praefamine,
1001 1494 1180 1546 denique
1211 1508 1330 1547 quam
1365 1497 1455 1536 dili·

89 1551 323 1603 gentissime
354 1549 490 1590 Carol.
522 1548 907 1603 Morgensternius,
937 1563 1016 1590 uua
1052 1563 1143 1591 cum
1172 1553 1358 1592 examine
1394 1552 1455 1593 lo-

89 1620 229 1647 corum
256 1607 309 1647 de
335 1605 564 1646 adulatione
599 1610 897 1658 suspectorum,
929 1606 971 1646 in
1002 1605 1352 1648 Commentatione
1377 1610 1459 1649 cri-

89 1664 175 1703 tica
212 1662 266 1702 de
298 1662 396 1717 fide
442 1662 643 1702 historica
697 1660 740 1700 V
734 1662 848 1702 elleii
882 1661 1119 1711 Paterculi,
1177 1665 1364 1718 inprimis
1404 1664 1459 1706 de

91 1718 335 1760 adulatione
368 1719 411 1759 ei
437 1718 626 1767 abiecta,
656 1730 758 1770 quae
787 1718 953 1760 editioni
980 1724 1142 1761 nostrae
1168 1721 1312 1763 maiori
1337 1734 1458 1774 prae-

2 1811 10 1837 Δ.
89 1777 173 1816 fixa
201 1780 275 1816 est.

203 1831 251 1872 ln
278 1829 466 1871 adulandi
493 1833 629 1871 autem
663 1827 842 1871 studium
879 1829 1039 1871 Velleio
1073 1832 1246 1873 vertitur
1281 1845 1362 1873 non
1389 1845 1457 1874 so-

90 1888 193 1939 lum,
234 1887 343 1940 quod
386 1886 602 1935 Caesares,
658 1886 821 1927 domum
870 1887 1090 1940 Augustam
1103 1918 1116 1939 ,
1162 1889 1458 1942 Caesarumque

90 1946 263 1993 amieos,
299 1948 463 1997 praeter
497 1943 665 1983 aliorum
698 1943 980 1984 historicorum
1013 1945 1157 1992 fidem,
1197 1947 1266 1998 qui
1296 1947 1457 1988 illorum

90 2001 216 2041 malas
243 2005 351 2041 artes
389 2004 432 2040 et
458 2000 677 2052 nequitiam
714 2004 931 2050 testantur,
964 2001 1031 2040 vel
1067 2015 1092 2045 a
1127 2002 1234 2043 vitiis
1269 2002 1457 2044 humanis

90 2058 308 2108 immunes,
338 2057 425 2106 vel,
459 2061 669 2108 praetenta
699 2056 800 2109 ipsis
840 2056 906 2097 his
941 2057 1049 2098 vitiis
1090 2058 1252 2099 honesti
1297 2060 1456 2112 specie,

91 2113 263 2154 humana
289 2117 429 2153 natura
455 2113 576 2165 longe
602 2113 829 2165 superiores
856 2115 1066 2164 ostendat,
1094 2120 1157 2167 et,
1192 2116 1299 2155 fictis
1327 2115 1456 2166 falsis,

92 2169 386 2223 speciosissima
412 2169 531 2209 laude
558 2173 748 2213 exornetz
792 2169 864 2209 sed
901 2171 1022 2211 etiam
1060 2172 1167 2222 quod
1205 2172 1365 2224 iniquus
1401 2172 1457 2212 sit

93 2225 137 2266 in
173 2238 264 2274 eos,
302 2226 371 2278 qui
406 2226 524 2266 invisi
561 2230 676 2266 erant
713 2225 951 2267 Caesaribus
987 2227 1228 2280 aulicisque,
1269 2229 1460 2280 quodque

94 2295 351 2336 personarum
378 2281 538 2322 laudem
564 2283 946 2335 vituperationemve
972 2295 1085 2324 suam
1114 2297 1165 2324 ex
1192 2285 1322 2337 gutia
1350 2285 1461 2324 odio-

95 2350 194 2391 que,
231 2339 372 2390 quibus
400 2338 489 2380 aula
517 2351 587 2379 eos
614 2344 946 2391 prosequeretur,
988 2344 1213 2393 temperet;
1259 2352 1294 2381 v,
1335 2353 1371 2381 c.
1406 2339 1460 2382 11.

94 2398 190 2437 116.
219 2396 314 2438 125.
342 2417 398 2425 -
426 2398 521 2437 101.
550 2395 642 2435 coll.
673 2398 767 2438 103.
799 2398 894 2437 100.
930 2398 1025 2439 129.
1055 2400 1152 2439 130.
1210 2397 1338 2447 Quam
1374 2409 1463 2437 ma-

94 2449 204 2491 xime
229 2457 363 2492 autem
391 2451 560 2492 offendit
588 2451 744 2491 Tiberii
772 2451 999 2504 Seianique,
1030 2453 1356 2493 foedissimorum
1385 2453 1462 2494 ho·
1489 2481 1505 2492 .

98 2505 266 2555 minum,
303 2508 410 2557 laus3
447 2501 554 2547 illius
593 2508 754 2559 quidem
783 2508 885 2548 adeo
913 2521 988 2561 per
1026 2514 1152 2549 totam
1191 2509 1350 2560 imperii
1376 2510 1462 2550 Au-

97 2562 205 2613 gusti
233 2565 522 2605 enarrationem
548 2565 606 2604 ita
633 2564 848 2617 dissipata,
885 2570 931 2606 ut
958 2567 1093 2618 potius
1124 2565 1304 2615 Tiberii,
1341 2578 1462 2619 quam

97 2619 287 2670 Augusti,
313 2621 505 2661 memoria
531 2621 727 2663 tradatur.

2 2718 3 2723 ,
210 2674 294 2714 Sed
319 2677 371 2716 ad
398 2677 630 2717 diluendum
656 2676 737 2718 hoc
764 2676 1004 2717 adulationis
1031 2676 1184 2717 crimen
1210 2678 1364 2719 auctori
1389 2689 1464 2718 no-

96 2733 186 2771 stro
223 2731 446 2782 obiectum,
490 2732 617 2775 multa
652 2733 695 2775 in
732 2738 893 2787 promtu
930 2737 1035 2776 sunt.
1091 2733 1280 2830 Prznum
1306 2735 1343 2775 si
1371 2733 1470 2776 Vela
