1728 3054
248 215 308 258 64
546 210 596 252 C.
624 207 915 252 vunnml
951 209 1345 257 PATuRotJm

249 328 454 373 Romam
473 325 687 382 venisset,
723 326 881 373 consul
905 333 1156 383 crearetur,
1192 328 1393 388 bellique
1418 345 1538 391 pene
1559 346 1648 392 pa-

251 396 360 441 trati
407 411 435 439 a
479 394 700 452 Metello,
751 395 831 454 qui
875 396 944 440 bis
984 395 1257 456 Iugurtham
1303 398 1402 444 acie
1452 398 1647 458 fuderat,

256 480 431 510 summa
473 464 828 510 committeretur
861 464 957 510 sibi.
1024 465 1206 511 Metelli
1238 473 1389 513 tamen
1416 473 1460 514 et
1487 470 1648 515 trium-

253 534 376 594 phus
409 532 495 578 fuit
521 533 813 591 clarissimus,
858 540 903 579 et
933 534 1168 580 meritum:
1197 535 1437 596 virtutique
1469 553 1648 599 cogno-

214 617 363 657 3men
393 602 622 648 Numidici
648 603 852 648 inditum.
922 603 988 649 Ut
1014 605 1156 664 paulo
1188 612 1291 650 ante
1316 606 1543 652 Domitiae
1573 608 1648 652 fa·-

253 672 430 725 miliae,
475 672 536 716 ita
576 671 802 718 Caeciliae
843 673 1043 717 notanda
1075 674 1296 720 claritudo
1342 682 1430 720 est:
1473 677 1648 736 quippe

251 742 368 788 intra
400 740 503 786 XII.
530 741 674 787 ferme
706 757 844 787 annos
873 742 1005 787 huius
1041 745 1259 803 temporis
1283 745 1488 790 consules
1516 746 1647 791 fuere

250 810 457 869 Metelli,
492 816 568 855 aut
592 825 824 867 censores,
859 818 937 856 aut
962 811 1297 872 triumpharunt
1328 815 1521 875 amplius
1541 815 1644 860 XII.

251 887 303 924 ut
326 886 559 940 appareat,
594 880 983 938 quemadmodum
1007 882 1210 940 urbium,
1243 883 1645 943 imperiorumque,

249 950 313 996 ita
358 949 562 1010 gentium
607 965 726 996 nunc
767 950 933 996 florere
967 949 1218 1011 fortunam,
1252 968 1370 999 nunc
1397 968 1644 1011 senescere,

250 1033 371 1064 nunc
403 1019 598 1062 interire.

392 1087 527 1132 CAP.
563 1087 666 1132 XII.
700 1088 764 1133 At
793 1087 845 1133 C.
875 1087 1049 1133 Marius
1076 1086 1132 1132 L.
1160 1085 1359 1146 Sullam,
1394 1088 1484 1141 iam
1519 1094 1641 1145 tunc,

250 1163 302 1203 ut
345 1158 720 1217 praecaventibus
762 1157 885 1216 fatis,
936 1156 1200 1217 copulatum
1238 1157 1321 1203 sibi
1358 1158 1644 1217 quaestorem

250 1226 433 1281 habuit,
478 1232 522 1271 et
564 1241 650 1286 per
694 1242 796 1270 eum
836 1227 1019 1272 missum
1065 1225 1126 1270 ad
1173 1242 1332 1286 regem
1381 1227 1640 1289 Bocchum,

249 1296 476 1356 Iugurtha
507 1311 640 1356 rege,
677 1295 846 1340 abhinc
878 1311 1016 1340 annos
1053 1295 1200 1340 ferme
1230 1294 1525 1341 cxxxvffl.
1546 1311 1640 1356 po-

247 1366 353 1410 titus
385 1371 471 1409 est:
506 1363 854 1424 designatusque
886 1365 1048 1409 iterum
1081 1363 1185 1409 Cos,
1215 1365 1261 1410 in
1294 1366 1455 1410 urbem
1485 1381 1641 1411 rever-

248 1450 344 1490 sus,
381 1433 566 1479 secundi
596 1433 851 1478 consulatus
877 1433 1003 1477 initio
1032 1433 1244 1478 Calendis
1283 1433 1497 1479 Ianuariis
1534 1450 1640 1480 eum

205 1503 295 1550 2in
323 1502 558 1562 triumpho
589 1502 726 1546 duxit.
795 1501 979 1558 Effusa,
1021 1508 1071 1547 ut
1101 1502 1431 1562 praediximus,
1473 1504 1641 1549 imma-

245 1573 313 1618 nis
358 1572 421 1617 vis
464 1572 794 1616 Germanarum
835 1572 1062 1632 gentium,
1108 1572 1271 1630 quibus
1304 1588 1471 1617 nomen
1509 1572 1639 1618 Cim-

244 1642 339 1686 bris
367 1656 421 1686 ac
452 1641 673 1686 Teutonis
696 1648 812 1697 erat,
849 1641 1285 1700 cumCaepionem,
1320 1640 1638 1701 Manliumque

246 1710 372 1757 Coss.
410 1717 455 1755 et
492 1717 595 1755 ante
633 1709 916 1767 Carbonem,
962 1710 1258 1769 Silanumque
1307 1711 1523 1756 fudissent
1559 1711 1638 1756 fu·-
1666 1706 1678 1720 ²

242 1786 513 1843 gassentque
535 1781 581 1824 in
603 1779 776 1837 Galliis,
797 1786 841 1825 et
859 1780 1078 1825 exuissent
1097 1780 1306 1838 exercitu,
1322 1780 1636 1840 Scaurumque

971 1924 1157 1969 vulgarem
1179 1935 1355 1970 errorem,
1389 1936 1460 1970 quo
1490 1925 1531 1960 11.
1554 1923 1635 1958 Me-

288 1927 324 1958 et
345 1923 529 1957 meritum.-
557 1922 746 1968 virtutique
777 1935 907 1969 cogno-

970 1971 1073 2004 tellus
1106 1971 1347 2015 Diadematus,
1369 1976 1404 2007 et
1436 1972 1476 2006 L.
1505 1971 1635 2005 Metel-

238 1981 319 2004 men
353 1970 533 2004 Numidici
564 1970 725 2004 inditum.
760 1970 821 2004 Sic
853 1971 906 2004 le-

239 2016 357 2062 gitur,
391 2020 426 2050 et
458 2015 718 2061 intel-pungitur
749 2016 785 2050 in
808 2017 904 2051 Edit.

236 2075 291 2108 pr.
317 2063 386 2096 Sed
403 2063 576 2106 sequenda
594 2063 794 2096 coniectura
812 2063 906 2097 Gru-

237 2109 308 2145 teri
331 2113 366 2143 et
389 2108 547 2143 Ortvini:
583 2114 617 2143 et
643 2110 803 2143 meritum
831 2111 904 2143 vir-

237 2161 314 2192 tute
343 2156 376 2190 ei
397 2167 587 2200 cognomen
613 2156 792 2189 Numidici
811 2156 904 2190 indi-

236 2208 323 2238 tum.
357 2205 397 2236 ut
427 2203 470 2236 ΙΙ.
497 2201 552 2236 15.
575 2202 635 2247 qui
656 2203 818 2236 meritum
846 2214 904 2236 co-

236 2261 388 2295 gnomen
402 2248 459 2282 Pii
477 2253 676 2282 consecutus
697 2254 783 2282 erat.
803 2249 902 2283 Idem

238 2301 357 2330 tamen
378 2295 550 2329 Gruterus
570 2295 700 2329 frustra
725 2295 803 2328 tolli
826 2296 903 2330 vult

235 2344 396 2377 inditum.
446 2343 472 2376 1.
509 2342 565 2375 11.
607 2342 665 2375 cui
699 2352 740 2375 ex
771 2342 899 2376 virtute

235 2388 454 2423 Macedonici
479 2399 604 2421 nomen
631 2388 780 2422 inditum
808 2394 897 2424 erat.

233 2436 278 2470 11.
304 2436 361 2470 91.
399 2435 491 2480 quod
519 2445 709 2479 cognomen
736 2435 791 2468 illi
816 2447 897 2468 con-

230 2494 350 2516 sensus
373 2482 527 2516 universi
542 2483 693 2516 Senatus
709 2482 897 2528 populique

229 2528 276 2563 R.
292 2529 432 2563 indidit.

275 2588 308 2628 ς.
334 2585 368 2620 3.
411 2586 596 2620 claritudo.
631 2585 736 2620 Hanc
769 2595 894 2619 vocem

225 2631 369 2666 habeta
387 2632 556 2667 Sallustio
578 2631 701 2677 Iug.2.
725 2630 789 2665 ubi
813 2630 895 2666 vide

224 2678 398 2714 Coi-tium.

273 2725 416 2765 Metelli.
435 2725 488 2758 De
497 2722 651 2758 Metellis
669 2722 747 2769 agit
763 2723 888 2758 Burm.

970 2016 1028 2050 lus
1050 2016 1268 2052 Dalmaticus
1296 2030 1362 2064 pro
1390 2030 1460 2052 uno
1489 2018 1634 2052 eodem-

971 2074 1039 2106 que
1083 2064 1277 2106 habentur,
1311 2063 1518 2108 praesertim
1549 2074 1632 2098 eum

972 2109 1158 2152 Graevius,
1174 2115 1252 2154 pont
1275 2110 1444 2157 Pighium
1468 2115 1503 2146 et
1523 2109 1633 2145 Nori-

969 2155 1061 2190 sium
1077 2185 1085 2198 ‚
1118 2157 1258 2191 veriora
1279 2157 1455 2192 d'oeuisset
1485 2157 1532 2192 ad
1555 2155 1630 2190 Cic.

969 2213 1003 2246 p.
1036 2203 1126 2236 Red.
1155 2204 1198 2238 ad
1237 2204 1339 2248 Quir.
1374 2204 1408 2239 3.
1449 2204 1548 2243 Adde
1577 2202 1631 2236 01.

967 2249 1154 2283 Ernestum
1178 2250 1279 2285 Clav.
1305 2250 1380 2286 Cic.
1411 2261 1446 2286 v.
1480 2251 1524 2287 L.
1549 2251 1631 2285 Me·-

965 2296 1070 2330 tellus
1087 2297 1327 2332 Diadematus.

1015 2342 1114 2376 CAP.
1146 2344 1222 2378 ΧΠ.
1256 2345 1289 2387 5.
1324 2343 1359 2378 2.
1403 2343 1628 2389 Caepionem,

965 2387 1204 2434 Manliumque
1219 2390 1310 2424 Coss.
1336 2389 1425 2424 Vide
1444 2391 1518 2425 Liv.
1532 2392 1628 2436 Epit.

963 2434 1020 2468 6⁴1.
1045 2435 1141 2468 Flor.
1165 2436 1225 2470 111.
1249 2436 1284 2470 ὃ.
1308 2439 1345 2472 et
1371 2441 1523 2482 utroque
1544 2438 1626 2474 loco

960 2481 1180 2524 Interpretes.

1007 2528 1242 2573 Silanumque.
1285 2528 1340 2563 Ita
1372 2532 1471 2564 recte
1513 2530 1628 2566 Aldus

962 2573 1048 2618 Nep.
1073 2574 1167 2609 Edit.
1187 2583 1238 2617 pr.
1247 2575 1505 2621 syllanumque.
1527 2577 1627 2612 Idem

960 2619 999 2654 in
1020 2620 1088 2654 hoe
1111 2621 1251 2655 nomine
1281 2633 1380 2656 error
1409 2623 1552 2658 relictus
1573 2626 1628 2659 eat

959 2665 997 2701 in
1019 2666 1188 2711 Quinctil.
1210 2668 1369 2702 Declam.
1391 2669 1454 2704 111.
1478 2669 1537 2704 13.

1001 2724 1237 2772 Scaurumque
1267 2728 1447 2762 Aurelium
1469 2727 1543 2762 Cos.
1560 2727 1624 2762 A!-

222 2771 269 2808 ad
300 2771 339 2807 h.
361 2770 385 2806 1.
421 2770 484 2816 qui
513 2770 612 2816 sequi
643 2781 714 2806 aon
736 2770 888 2806 debebat
951 2769 1018 2807 due
1049 2770 1176 2818 Nepos,
1209 2772 1286 2810 sive
1314 2774 1492 2812 Putemus
1518 2773 1624 2811 malit
