1728 3054
231 205 404 242 cmxxvi
489 197 740 241 GAROLl
787 196 1367 244 MORGENSTERNII

231 316 420 359 censent,
457 307 616 351 etiamsi
643 307 879 349 certissimis
904 307 1034 350 literis
1062 314 1104 351 et
1131 310 1388 352 monimentis
1416 313 1469 354 sit
1493 318 1619 354 testa-

230 378 329 412 tum.
389 368 481 408 Non
515 367 643 420 probo
678 366 803 418 igitur
837 364 1059 419 Linguetii
1083 365 1128 422 *)
1158 369 1388 420 levitatem,
1417 370 1498 421 qui,
1526 371 1617 412 fieri

231 426 431 480 potuisse,
467 428 513 463 ut
547 423 669 462 homo
696 423 803 475 plus·
822 435 941 474 quam
977 425 1265 476 sexagenarius
1291 426 1539 467 foedissimis
1571 439 1617 483 se

232 482 393 525 dederit
420 480 674 528 libidinibus,
702 492 866 532 prorsus
894 484 1028 531 negat,
1056 494 1131 534 pro
1159 482 1264 522 fictis
1284 495 1495 535 respuens,
1514 492 1618 535 quae

232 553 256 579 a
284 538 428 578 Tacito
468 541 511 576 et
542 537 736 577 Suetonio
772 536 825 576 de
857 535 1014 576 'riberii
1051 538 1131 577 vita
1166 539 1426 591 spurcissima
1454 552 1619 579 narran—

232 601 322 642 tur,
354 594 609 644 eundemque
638 593 729 632 fere
755 593 1014 632 temerarium
1037 595 1200 634 modum
1228 596 1271 634 in
1296 596 1366 645 iis,
1395 609 1497 647 quae
1527 608 1618 636 cru·

231 651 438 692 delissime
467 650 618 690 fecisse
654 650 825 698 dicitur,
867 663 1074 702 usurpans.
1130 651 1222 691 Hoc
1257 656 1394 692 tamen
1431 653 1619 704 probabi⁴

232 709 386 748 litatem
415 707 590 758 aliquam
618 707 770 747 habere
798 711 919 758 puto,
950 712 992 747 et
1022 707 1209 748 Tacitum
1239 713 1281 748 et
1309 709 1548 749 Suetonium
1576 709 1618 748 in

232 764 411 811 Tiberii,
446 764 652 815 Caligulae
690 768 767 803 etc.
797 763 1000 803 dedecore
1029 765 1253 817 retegendo
1282 766 1430 817 passim
1459 770 1529 806 aut
1557 765 1618 805 rei

231 822 486 861 atrocitatem
526 820 715 860 narrandi
754 832 906 872 genere
942 821 1122 869 auxisse,
1166 826 1235 862 aut
1271 835 1395 863 vanos
1433 834 1618 863 rumores

231 891 306 932 pro
336 878 459 918 certis
490 877 790 929 exploratisque
819 876 943 915 rebus
973 877 1214 929 arripuisse:
1247 878 1386 927 illum,
1417 878 1539 930 quod,
1567 879 1618 918 li·

233 936 402 975 bertatis
432 947 568 974 amore
598 938 641 973 et
677 932 1004 984 magnanimitate
1040 934 1192 986 optimo
1228 936 1374 986 cuique
1409 936 1516 975 inter
1547 948 1618 975 an-

229 993 366 1044 tiquos
398 992 602 1031 Romanos
631 1003 725 1042 par,
755 1001 833 1042 quo
862 989 989 1040 magis
1018 991 1238 1041 sagacitate
1273 992 1528 1039 valeret,.eo
1556 992 1618 1032 in·

232 1049 435 1101 geniosius
476 1046 690 1087 malefacta
729 1059 779 1086 ex
805 1046 1073 1099 pessimorum
1104 1047 1363 1088 consiliorum
1391 1048 1618 1088 secretissi-

198 1142 201 1143 γ
231 1107 308 1145 mis
337 1106 516 1145 fontibus
546 1104 791 1151 deduceret,
832 1107 875 1142 et
913 1115 993 1154 quo
1030 1104 1188 1154 gravius
1216 1109 1537 1144 commoveretur
1565 1104 1618 1144 ob

231 1163 378 1201 violata
407 1175 430 1201 a
460 1161 558 1200 diris
587 1160 767 1212 tyrannis
795 1158 1003 1198 hominum
1032 1160 1147 1208 iura,
1186 1173 1236 1200 eo
1274 1161 1478 1200 lubentius
1508 1160 1617 1201 -atris

232 1220 434 1259 coloribus
470 1222 656 1257 uteretur
693 1216 735 1255 in
775 1216 944 1255 istorum
984 1216 1224 1268 imaginibus
1273 1218 1325 1256 ad
1364 1219 1494 1257 omnis
1530 1216 1620 1258 aevi

231 1275 545 1316 detestationem
575 1272 862 1325 expingendis3
901 1271 1030 1323 hunc,
1069 1274 1162 1324 quia
1188 1272 1253 1312 vel
1280 1274 1400 1314 nimis
1429 1271 1625 1314 credulus

230 1338 363 1382 esset,
398 1331 462 1371 vel
491 1331 685 1381 fortasse,
728 1341 807 1380 quo
835 1329 1014 1379 apertius
1044 1329 1262 1369 Caesarum
1291 1331 1618 1382 pravissimorum

228 1389 382 1440 flagitia
409 1387 656 1436 denudaret,
688 1398 737 1425 eo
766 1385 916 1424 certius
944 1385 1147 1425 mitiorum
1174 1386 1423 1438 principum,
1455 1388 1620 1439 quibus-

229 1459 322 1485 cum
350 1446 484 1484 vivere
513 1443 591 1496 ipsi
620 1442 811 1493 contigit,
851 1440 1018 1483 Traiani
1044 1446 1168 1498 atque
1194 1442 1411 1498 Hadriani,
1448 1443 1618 1496 gloriam

228 1515 274 1544 se
302 1502 596 1542 illustraturum
624 1502 821 1552 speraret.

343 1605 398 1645 At
424 1615 521 1644 vero
548 1603 694 1643 iustam
717 1599 876 1641 Tiberii
904 1599 1129 1654 apologiam
1159 1602 1305 1644 confici
1331 1615 1506 1655 unquam
1533 1601 1617 1643 ullo

229 1662 351 1703 modo
382 1674 525 1714 posse,
565 1661 601 1700 si
630 1660 720 1711 quis
749 1658 876 1708 alius,
917 1671 1022 1710 nego
1052 1664 1095 1699 et
1122 1660 1221 1712 ipse.
1277 1660 1516 1700 Maneamus
1543 1659 1619 1710 igi.

230 1724 297 1759 tur
326 1720 367 1758 in
397 1717 597 1758 sententia
626 1719 678 1755 de
712 1716 846 1755 mixtis
882 1714 1050 1760 Tiberii¹
1079 1718 1280 1765 moribus,
1318 1729 1396 1769 quo
1433 1721 1519 1755 tum
1549 1729 1618 1755 na·

230 1780 346 1816 turae
375 1775 574 1813 humanae
603 1773 782 1820 indoles,
821 1784 913 1811 raro
947 1772 1140 1824 optimos,
1182 1774 1312 1813 rarius
1351 1773 1472 1812 etiam
1509 1772 1619 1812 omni

232 1845 284 1872 ex
313 1836 430 1884 parte
458 1831 656 1883 pessimos
685 1828 869 1868 homines
900 1828 1120 1879 exhibens,
1160 1833 1246 1869 tum
1286 1830 1526 1882 scriptorum
1556 1834 1618 1868 te·-

231 1889 420 1928 stimonia
458 1887 622 1926 ducunt.
688 1885 1067 1924 Nec-incredibilia
1109 1891 1298 1937 putemus
1345 1886 1477 1933 illius,
1515 1896 1618 1938 quae

231 1943 643 1992 narrantur,-scelera
669 1947 738 1982 aut
768 1941 932 1992 flagitia,
963 1954 1055 1980 cum
1085 1943 1137 1981 ob
1171 1942 1497 1995 corruptissimos
1528 1955 1618 1981 sae-

231 2002 312 2044 culi
341 2013 498 2050 mores,
528 2005 613 2039 tum
643 2003 810 2051 propter
836 1997 1037 2048 singulare
1061 1997 1237 2038 hominis
1265 1999 1482 2050 ingenium,
1512 1999 1617 2039 male

232 2059 302 2098 diu
332 2057 626 2097 dissimulatum
664 2060 706 2095 et
742 2055 915 2093 fortasse
944 2055 1033 2106 ipsa
1064 2053 1141 2094 hac
1171 2055 1210 2094 vi
1239 2056 1419 2095 adhibita
1447 2068 1618 2108 exaspe-

231 2121 375 2156 ratum.
423 2114 599 2162 Etenim,
630 2112 699 2165 qui
728 2111 915 2150 Tacitum
946 2116 988 2151 et
1013 2111 1250 2153 Suetonium
1280 2112 1362 2152 odii
1391 2117 1433 2152 et
1460 2108 1619 2152 iniusti·

230 2173 313 2213 tiae
341 2172 383 2211 in
413 2170 623 2210 Tiberium
663 2173 745 2208 tam
775 2168 952 2219 graviter
980 2173 1190 2216 accusant,
1227 2169 1389 2209 videant
1427 2168 1510 2218 illi,
1551 2181 1618 2218 ne,

189 2259 204 2274 χ
231 2242 311 2282 quo
345 2228 511 2268 crimine
539 2230 705 2280 petunt,
742 2225 820 2277 ipsi
857 2229 1055 2276 petantur.
1115 2224 1280 2265 Tacitus
1314 2231 1356 2266 et
1384 2225 1617 2276 Suetonius,

229 2286 336 2326 adde
365 2285 534 2325 Dionem
563 2283 769 2331 Cassium,
811 2281 968 2321 Tiberii
997 2285 1039 2322 et
1066 2281 1236 2321 virtutes
1267 2286 1309 2322 et
1339 2282 1436 2321 vitia
1462 2282 1618 2322 descri-

228 2343 351 2390 bunt3
392 2354 461 2391 res
496 2341 602 2380 bene
641 2340 692 2379 ab
729 2351 778 2378 eo
818 2343 955 2390 gestas
992 2350 1073 2377 non
1109 2339 1241 2378 minus
1269 2342 1457 2388 narrant,
1496 2351 1616 2390 quam

229 2412 352 2452 prave
381 2411 429 2438 ac
458 2396 685 2450 perniciose
715 2396 835 2435 facta.
887 2394 995 2447 Quid
1023 2394 1194 2446 amplius
1221 2395 1446 2447 postulabis
1475 2395 1525 2434 ab
1553 2395 1620 2434 hi-

227 2456 446 2497 storiarum
473 2454 671 2506 scriptore
699 2452 827 2504 probo
857 2455 900 2490 et
927 2451 1046 2491 fido?
1074 2451 1276 2502 Equidem
1305 2452 1406 2491 nihil
1434 2451 1626 2504 aequius,

226 2512 335 2555 nihil
371 2511 531 2561 verius,
571 2510 625 2553 de
663 2508 822 2550 Tiberii
849 2508 1030 2550 moribus
1059 2505 1142 2548 dici
1174 2520 1297 2561 posse
1331 2511 1457 2562 puto,
1496 2521 1618 2561 quam·

228 2624 511 2645 m

318 2706 357 2751 ‘¹)
378 2671 547 2742 Histoire
565 2704 624 2739 des
644 2697 879 2739 Revolutions
901 2696 945 2736 de
966 2701 1140 2749 l’Empire
1160 2696 1338 2765 Qffl,
1368 2712 1437 2751 pu
1457 2696 1511 2740 Μ.
1527 2699 1614 2743 Μι-

148 2762 155 2769 ’
223 2757 324 2801 gwa-
348 2753 380 2790 Δ
402 2753 533 2799 nege,
556 2751 660 2787 1²22.
685 2750 794 2790 'rom
813 2749 842 2786 1.
864 2759 949 2800 pag.
972 2748 1057 2792 149.
