1728 3054
238 219 349 266 XLIV
596 212 880 259 HEchl
925 211 1280 261 DODWELLI,

293 327 334 382 ς.
361 333 403 373 o.
431 327 633 370 Militiam
665 324 852 369 Velleius
888 331 1123 380 equestrem
1153 326 1275 375 inivit
1304 340 1416 374 anno
1442 315 1559 374 urbia

737 381 1004 430 Varroniano
1032 386 1129 426 749.

349 474 441 516 Hoc
479 485 584 523 anno
621 473 808 522 nimirum
845 473 994 514 exitum
1040 474 1220 515 habuere
1254 473 1398 522 decem
1434 472 1504 522 illa
1541 472 1613 513 sti-

234 531 404 586 pendia,
436 543 539 582 quae
568 529 639 575 ille
666 543 742 583 pro
770 530 913 571 militia
941 535 1092 578 censet,
1123 531 1181 574 uti
1208 531 1391 576 vidimus,
1421 530 1612 582 equestri.

233 590 295 629 Ea
322 587 494 640 proinde
522 599 626 626 anno
655 584 838 635 eiusdem
867 587 1047 640 epochae
1079 587 1354 629 Varronianae
1388 590 1500 641 749„
1519 598 1612 634 coe-

232 645 367 697 perint
395 655 564 694 necesse
593 647 669 693 est.
725 643 814 684 Nec
850 656 947 684 sane
974 649 1173 697 pugnant,
1212 657 1315 697 quae
1352 644 1405 684 de
1440 644 1517 683 hac
1546 656 1613 683 ea-

232 701 328 741 dem
357 700 499 745 militia
527 713 600 746 sua
628 699 724 740 alibi
752 701 876 741 tradit
903 701 993 754 ipse
1023 701 1217 745 Velleius.
1240 698 1284 756 *)
1313 701 1430 749 Initia
1458 700 1613 754 stipen-

231 757 390 798 diorum
429 769 591 798 suorum
631 757 759 797 fuisse
798 757 920 808 dicit,
967 771 1057 798 cum
1096 758 1215 806 Caius
1253 758 1403 798 Caesar
1440 756 1613 809 Augusti

230 825 360 867 nepos
395 826 488 863 cum
525 825 626 865 rege
660 813 901 867 Parthorum
938 815 979 864 in
1017 815 1237 868 Euphratis
1257 816 1360 874 ⁸ripa
1389 813 1612 866 congrede-

230 876 356 911 retur.
413 871 514 911 Erat
541 882 668 910 annus
696 871 769 912 ille
796 870 1081 921 Varronianus,
1110 876 1156 911 ut
1182 871 1354 921 videtur,
1371 873 1478 916 3253.
1503 870 1612 914 Bre-

230 928 291 977 vi,
318 923 389 983 *-*)
423 931 469 967 ut
505 926 562 967 ait
597 925 804 980 Velleius,
836 929 967 981 spatio
1003 932 1216 984 postquam
1253 929 1512 979 innotuerant
1546 925 1612 966 Iu-

229 983 311 1024 liae
337 983 511 1036 Augusti
538 983 647 1031 filiae
675 984 884 1024 adulteria.
941 985 1055 1036 Quae
1094 985 1267 1037 Augusti
1305 984 1514 1027 consulatu
1548 983 1612 1024 ul-

230 1041 353 1090 timo,
382 1053 502 1093 quem
532 1040 658 1092 gessit
686 1054 790 1081 anno
820 1040 1071 1082 Varroniano
1099 1043 1196 1084 752.
1226 1053 1463 1088 emanasse,
1499 1039 1610 1089 idem

229 1097 349 1143 testis
379 1101 442 1137 est
469 1095 676 1138 Velleius:
705 1095 798 1153 ***)
829 1101 943 1138 certe
979 1102 1072 1138 ante
1109 1111 1229 1156 quam
1267 1097 1500 1148 tribunitiae
1538 1096 1612 1136 Ti-

229 1154 335 1195 berii
369 1154 583 1207 potestatis
617 1154 790 1211 primum
828 1155 1141 1207 quinquennium
1178 1155 1230 1195 ad
1269 1155 1422 1195 exitum
1462 1152 1612 1206 perdu-

230 1216 342 1258 ctum
373 1214 495 1261 esset.
551 1211 620 1253 Ait
649 1212 755 1251 enim
785 1209 994 1260 Velleius,
1024 1210 1165 1252 Caium
1194 1209 1307 1260 ****)
1338 1210 1506 1250 Tiberio
1535 1209 1612 1249 ho-

228 1279 372 1313 norem
401 1280 586 1316 omnem,
625 1271 671 1307 ut
707 1269 927 1320 superiori,
962 1268 1165 1309 habuisse.
1235 1267 1360 1320 Atqui
1387 1266 1609 1306 heredibus

226 1322 390 1377 imperii
431 1323 650 1376 designatis
686 1337 767 1364 non
805 1325 937 1378 potuit
985 1325 1062 1364 alia
1100 1325 1258 1365 ratione
1294 1323 1480 1378 superior
1515 1335 1610 1372 esse

229 1381 440 1431 Tiberius,
480 1393 598 1432 quam
633 1380 867 1428 tribunitiae
905 1381 1133 1434 potestatis.
1190 1381 1319 1423 Immo
1354 1393 1444 1421 eam
1479 1379 1610 1432 ipsam

228 1450 390 1486 causam
429 1437 572 1485 habuit
606 1437 649 1477 in
691 1438 824 1478 animo
859 1437 1056 1480 Velleius.
1111 1438 1202 1479 Hac
1238 1437 1348 1479 enim
1374 1437 1610 1478 tribunitiae

227 1494 441 1547 potestatis
480 1494 738 1544 con-sortione
766 1493 818 1551 †)
860 1501 1075 1547 aequatum
1107 1495 1222 1543 illum
1258 1495 1442 1547 Augusto,
1477 1493 1609 1534 fuisse

228 1551 415 1596 dixerat:
452 1550 554 1600 hoc,
582 1551 743 1604 inquam
759 1581 769 1601 ‚
800 1545 962 1593 nomine
990 1553 1135 1599 civium
1163 1555 1259 1605 post
1284 1564 1408 1593 unum
1436 1547 1501 1607 (et
1527 1550 1609 1590 hoc

226 1608 320 1660 quia
348 1605 531 1662 volebat)
563 1608 944 1657 eminentissimum:
989 1609 1068 1649 hoc
1105 1607 1195 1661 ipso
1234 1608 1411 1661 denique
1445 1607 1609 1657 nomine

226 1665 428 1716 fulgorem
458 1663 614 1704 Tiberii
643 1665 859 1713 orientium
886 1666 1075 1708 iuvenum
1103 1665 1227 1706 initiis
1256 1662 1472 1706 obstitisse.
1506 1663 1609 1703 Pro-v

226 1722 324 1761 inde
353 1721 509 1771 innuit,
539 1721 719 1760 futurum
748 1721 918 1773 alioqui,
947 1725 994 1761 ut
1023 1723 1147 1774 alios,
1175 1725 1339 1775 praeter
1366 1721 1609 1772 Augustum,

226 1778 455 1830 superiores
493 1777 721 1825 habuisset3
771 1777 954 1830 inprimis
991 1779 1134 1833 procul
1179 1778 1302 1818 dubio
1345 1777 1459 1825 ilios,
1504 1787 1608 1828 quos

226 1835 333 1883 dixi,
372 1834 579 1874 Caesares.
648 1834 775 1879 Immo
811 1834 920 1874 illam
959 1835 1089 1888 ipsam
1116 1835 1168 1875 ob
1198 1846 1360 1874 causam
1397 1831 1608 1879 tribunitia

225 1895 430 1944 potestate
457 1890 668 1938 Tiberium
698 1895 910 1940 ornaverat
934 1891 1165 1944 Augustus,
1193 1895 1240 1931 ut
1266 1890 1463 1930 ferociam
1490 1888 1608 1928 Lucii

224 1947 473 1995 retunderet.
541 1947 642 1987 inde
676 1947 783 1986 inter
819 1960 984 1997 causas,
1030 1961 1102 1987 cur
1140 1946 1330 1987 Tiberius
1369 1946 1608 1994 secesserit,

179 2044 183 2048 ,
225 2018 317 2051 eam
360 2007 550 2044 recenset
586 2004 829 2054 Suetonius,
854 2002 936 2059 ††)
962 2004 1091 2056 'quod
1129 2004 1276 2051 adultis
1316 2004 1399 2044 iam
1429 2002 1607 2054 Augusti

223 2061 383 2109 liberis,
426 2061 517 2109 loco
556 2065 599 2101 et
634 2061 748 2112 quasi
787 2059 1046 2114 possessione
1086 2061 1270 2114 usurpati
1307 2074 1331 2100 a
1359 2073 1405 2100 se
1437 2058 1607 2099 secundi

223 2119 373 2170 gradus
411 2121 556 2170 sponte
590 2118 793 2157 cessisset.
849 2118 904 2163 Et
933 2130 1023 2157 cum
1053 2123 1198 2169 ageret
1223 2118 1275 2158 de
1311 2117 1447 2157 reditu
1478 2116 1607 2156 Tibe-2

221 2176 307 2216 rius
339 2175 389 2214 ab
419 2174 562 2214 exsilio
590 2174 824 2225 Rhodiaco,
854 2174 992 2226 elapso
1020 2175 1101 2214 iam
1129 2175 1355 2227 potestatis‘
1371 2172 1607 2213 tribunitiae

222 2231 516 2289 quinquennio,
562 2230 634 2270 ilio
671 2231 924 2282 potissimum
970 2230 1035 2270 est
1082 2231 1179 2270 usus
1224 2234 1484 2283 argumento,
1524 2229 1607 2268 iam

222 2302 269 2328 se
285 2286 399 2342 †††)
429 2284 617 2328 securum
646 2300 737 2327 esse
766 2289 815 2327 ab
845 2287 934 2337 illa,
963 2301 1066 2340 quae
1095 2287 1190 2327 olim
1220 2287 1357 2327 fuerat
1385 2299 1478 2327 cum
1506 2284 1607 2334 Caio

219 2343 453 2398 Lucioque,
492 2343 783 2393 aemulation03
820 2345 900 2385 iam
928 2345 1209 2392 corroboratos
1235 2344 1357 2403 illos,
1390 2347 1434 2394 et
1462 2354 1606 2389 secana

312 2489 993 2582 semesum.

313 2582 898 2674 1112)Vv‘-³2¹1·1.¹{?1;f¹1·1.⁶“0¹;;‚;³l'3i.

311 2676 356 2722 †)
383 2676 470 2710 Vell.
501 2676 564 2711 lib.
591 2675 638 2710 11.
666 2686 741 2719 cap·
767 2675 825 2711 99·

313 2723 381 2766 Η)
403 2722 546 2759 Sueton.
568 2721 652 2757 Tib.
680 2732 758 2766 ⁰81²·
784 2723 844 2758 10·

313 2768 407 2814 †††)
430 2768 573 2804 Sueton.
606 2767 691 2806 Tib.
721 2778 797 2813 oap-
830 2769 889 2806 11.
