1728 3054
275 245 332 285 76
558 240 606 280 C.
636 236 917 280 VELLEII
952 237 1344 290 PATERcum

205 371 208 375 ·
233 360 390 402 4'sorte
423 353 606 398 obvenit
632 352 785 398 Sullae
803 352 909 397 Asia
935 353 1175 412 provincia.
1198 354 1253 399 Is
1286 370 1485 421 egressus
1509 357 1636 413 urbe,

271 439 374 469 cum
414 423 533 467 circa
565 422 730 467 Nolam
765 428 1012 466 moraretur
1053 409 1254 483 (quippe
1289 439 1342 468 ea
1383 419 1490 469 urbs
1528 442 1638 486 per-

269 491 535 536 tinacissime
570 506 694 535 arma
725 490 965 547 retinebat,
998 492 1282 550 exercituque
1314 493 1522 538 Romano
1549 495 1637 540 ob-

271 560 519 616 sidebatur,
552 560 676 604 velut
708 559 958 620 poeniteret
991 560 1082 605 eius
1110 561 1242 617 fidei,
1276 576 1412 620 qnam
1441 563 1637 607 omnium

232 629 584 674 5sanctissimam
618 629 741 672 bello
775 629 1055 688 praestiterat
1085 630 1278 690 Punico)
1322 631 1373 679 Ρ.
1408 631 1639 699 SulpitiuS,

266 698 467 742 tribunus
499 698 561 758 pl.
595 697 805 754 disertus,
840 712 967 753 acer,
1001 698 1187 757 opibus,
1222 699 1387 759 gratia,
1422 697 1650 756 amicitiis,

266 766 423 827 vigore
456 766 624 827 ingenii
657 772 790 825 atque
823 766 956 810 animi
989 768 1326 824 celeberrimus,
1371 782 1476 813 cum
1509 774 1638 813 antea

266 835 509 880 rectissima
544 835 771 880 voluntate
805 835 928 894 apud
962 837 1183 894 populum
1227 836 1465 882 maximam
1498 853 1638 896 quae—

267 904 392 950 sisset
425 903 715 965 dignitatem,
766 904 892 961 quasi
937 904 1115 964 pigeret
1147 921 1252 950 eum
1288 905 1496 950 virtutum
1532 921 1638 951 sua-

266 987 388 1031 rum,
423 979 468 1018 et
501 974 617 1018 bene
650 973 852 1019 consulta
885 972 927 1016 ei
958 973 1076 1017 male
1103 972 1328 1033 cederent,
1362 974 1505 1019 subito
1529 990 1639 1035 pra-

228 1047 348 1087 Gvus
385 1047 429 1086 et
461 1056 705 1102 praecePS,
740 1040 792 1086 C.
815 1041 965 1085 Mario
999 1047 1101 1101 post
1134 1042 1272 1086 LXX.
1298 1058 1459 1087 annum
1492 1044 1641 1088 omnia

266 1111 476 1171 imperia,
521 1116 565 1156 et
599 1110 767 1155 omneis
801 1110 1050 1170 provincias
1094 1112 1424 1170 concupiscenti
1458 1112 1640 1167 addixit,

267 1180 512 1240 legemque
546 1179 606 1225 ad
640 1172 863 1239 populum
905 1180 1028 1235 tulit,
1070 1195 1160 1239 qua
1204 1180 1356 1224 Sullae
1396 1180 1640 1240 'imperium

268 1249 585 1308 abrogaretur,
632 1248 684 1293 C.
719 1248 869 1292 Mario
903 1249 1073 1293 bellum
1108 1248 1421 1294 decerneretur
1454 1249 1640 1293 Mithri-

268 1317 487 1370 daticum3
528 1318 723 1375 aliasque
755 1318 882 1377 leges
904 1318 1170 1377 perniciosas
1192 1323 1236 1362 et
1265 1318 1522 1374 exitiabiles,
1556 1334 1638 1362 ne—

267 1401 357 1444 que
389 1385 642 1429 tolerandas
675 1386 845 1430 liberae
879 1386 1043 1444 civitati
1073 1386 1188 1433 tulit.
1259 1386 1380 1443 Quin
1413 1388 1547 1432 etiam
1580 1387 1639 1442 Q.

266 1454 475 1515 Pompeii
522 1453 623 1500 Cos.
657 1454 827 1510 filium,
876 1454 1174 1513 eumdemque
1220 1455 1375 1500 Sullae
1405 1470 1639 1516 generum,

265 1538 351 1585 per
385 1523 630 1568 emissarios
663 1523 866 1569 factionis
900 1539 1004 1568 suae
1037 1523 1270 1569 interfecit.

406 1592 540 1638 CAP.
575 1592 698 1639 XIX.
757 1592 879 1636 Tum
925 1593 1054 1638 Sulla
1091 1597 1321 1638 contracto
1355 1591 1549 1636 exercitu
1579 1589 1640 1634 ad

268 1661 427 1707 urbem
461 1661 616 1719 rediit,
652 1677 841 1720 eamque
879 1662 1009 1706 armis
1050 1662 1308 1721 occupavit,
1342 1660 1444 1707 XII.
1482 1666 1640 1705 aucto—

267 1746 338 1775 res
369 1745 584 1775 novarum
616 1731 998 1789 pessimarumque
1025 1746 1195 1788 rerum,
1229 1731 1342 1775 inter
1385 1744 1497 1788 quos
1531 1729 1640 1773 Ma-

268 1801 384 1844 rium
419 1814 522 1845 cum
550 1799 674 1857 filio,
709 1805 754 1844 et
791 1800 843 1844 P.
883 1800 1100 1859 Sulpitio‚
1132 1800 1246 1856 ⁴urbe
1278 1798 1548 1853 exturbavit,
1583 1812 1639 1842 ac

264 1869 373 1929 lege
414 1868 508 1912 lata
565 1868 716 1913 exules
766 1868 886 1913 fecit.
964 1869 1210 1929 Sulpitium
1257 1869 1391 1913 etiam
1441 1866 1639 1912 adsecuti

259 1998 367 2044 'Quod
389 2010 586 2058 expressum
608 2002 660 2035 est
682 2011 724 2034 ex
743 1998 922 2034 notissimo

265 2047 441 2082 Hesiodea
467 2044 622 2103 Ἕργηι
662 2042 741 2104 ’.Ημ
765 2045 800 2080 5.
823 2042 921 2082 Ῥεῖοι

265 2091 333 2138 μὲν
357 2091 426 2137 γὰρ
450 2092 584 2138 βριάει,
607 2092 687 2138 ῥεῖα
706 2091 746 2128 δε
769 2092 920 2139 βριάον-
974 2133 980 2142 ι

264 2152 311 2174 τα
334 2139 508 2183 χαλέπτει.
542 2140 603 2173 Sic
630 2141 756 2184 premit
778 2151 922 2183 respon-

265 2186 324 2220 det
346 2186 643 2229 praecedentibus:
655 2188 766 2220 Altius
785 2191 819 2220 et
835 2185 921 2219 coeli

266 2233 402 2266 oedibus
420 2234 600 2267 extulerat.
651 2233 750 2266 Hora
773 2237 824 2266 est
846 2233 920 2265 for-

264 2281 351 2312 tuna
372 2278 409 2312 in
430 2279 537 2312 horas
559 2278 698 2313 varians
714 2304 724 2320 ‚
766 2282 803 2312 ut
826 2278 920 2322 apud

266 2324 385 2358 Senec.
397 2324 546 2369 Thyest.
557 2324 637 2359 598.
647 2325 708 2358 ubi
731 2324 811 2358 vide
829 2325 919 2358 Gro-

264 2382 343 2405 nov.
367 2371 542 2405 Fortunae
562 2377 677 2405 autem
697 2370 839 2415 proprie
856 2370 920 2404 tri-

264 2417 385 2451 buitur
413 2423 527 2452 nutus.
552 2417 710 2460 Appulei.
736 2418 820 2461 Met.
844 2418 917 2450 Vll.

264 2474 347 2508 pag.
382 2463 462 2498 146.
493 2465 626 2509 affulsit
653 2464 825 2498 Fortunae
853 2475 919 2496 nu-

263 2514 320 2543 tus
350 2510 503 2544 hilarior.
540 2511 583 2544 X.
616 2521 698 2555 pag.
723 2510 802 2544 227.
834 2510 919 2543 haec

257 2557 410 2599 feralem
448 2556 624 2591 Fortunae
653 2561 775 2591 nutum
811 2557 920 2591 latere

262 2614 329 2637 non
350 2608 546 2646 potuerunt.

307 2695 339 2736 5.
364 2692 398 2727 5.
422 2696 545 2740 vigore
570 2695 706 2740 ingenii
721 2699 825 2739 atque
841 2694 920 2728 ani-

261 2741 319 2773 mi.
353 2740 396 2775 11.
420 2740 477 2774 41.
507 2743 628 2786 vigore
656 2742 764 2776 animi
789 2741 920 2775 acerri-

260 2797 348 2822 mus.
370 2786 451 2823 127.
473 2789 663 2832 sufficiente
677 2787 794 2834 vigori
811 2787 923 2823 animi

988 2011 1154 2046 compage
1180 1999 1336 2044 corporis.
1355 1999 1441 2034 Vide
1458 1999 1635 2035 Drakenb-

987 2047 1033 2081 ud
1055 2047 1128 2082 Liv.
1153 2047 1227 2080 v.11
1249 2044 1284 2080 5.

1033 2093 1134 2138 quasi
1176 2093 1313 2138 pigeret
1355 2104 1433 2126 eum
1472 2092 1639 2130 virtutum

986 2151 1139 2173 suarum.
1161 2139 1334 2183 Elegans,
1362 2139 1422 2172 sed
1452 2138 1557 2172 nimis
1586 2138 1640 2172 vi-

988 2187 1106 2220 cinum
1136 2185 1188 2227 ei,
1231 2185 1321 2228 quod
1350 2185 1456 2219 modo
1486 2185 1639 2218 dixerat:

985 2233 1079 2266 velut
1095 2233 1286 2276 poeniteret
1311 2231 1384 2264 eius
1403 2231 1502 2275 fidei.

1031 2280 1063 2321 5.
1086 2279 1120 2312 6.
1146 2278 1291 2313 addixit.
1321 2278 1423 2311 Hanc
1445 2276 1639 2317 lectionem,

984 2324 1080 2358 haud
1103 2324 1208 2358 dubic
1237 2323 1420 2367 vitiosam,
1453 2323 1639 2366 explicant,

985 2374 1024 2404 ut
1048 2376 1199 2413 possunt,
1223 2369 1395 2403 Graevius
1413 2369 1458 2403 ad
1481 2369 1551 2403 Cic.
1576 2380 1640 2413 pro

985 2416 1103 2459 Quint.
1129 2416 1185 2450 18.
1209 2419 1243 2449 et
1266 2416 1388 2449 Burm.
1411 2415 1454 2448 ad
1478 2415 1514 2448 h.
1538 2416 1562 2451 l.
1594 2415 1640 2448 At

985 2463 1151 2504 Puteum,
1172 2462 1340 2505 probante
1361 2461 1528 2505 Heinsio,
1553 2460 1641 2495 scri-

984 2508 1069 2553 psitz
1091 2519 1128 2542 se
1149 2508 1294 2542 addixit.
1337 2508 1375 2542 h.
1401 2519 1432 2542 e.
1464 2519 1501 2541 se
1523 2506 1640 2541 Mario

985 2554 1091 2599 quasi
1106 2555 1141 2587 in
1164 2553 1363 2588 servitutem
1395 2553 1546 2587 tradidit.
1579 2553 1638 2587 Ni-

984 2601 1036 2635 hil
1059 2601 1186 2634 verius.
1209 2599 1332 2634 Cicero
1354 2611 1418 2644 pro
1442 2600 1558 2634 Plano.
1578 2599 1636 2633 39.

986 2648 1151 2688 Senatus,
1185 2648 1240 2680 cui
1265 2658 1318 2680 me
1349 2658 1482 2691 semper
1506 2646 1639 2679 addixi.

985 2694 1028 2727 de
1050 2694 1128 2727 Fin.
1154 2694 1179 2728 1.
1201 2693 1235 2726 (3.
1271 2694 1302 2727 Γ
1287 2704 1451 2746 pat-urus
1464 2693 1501 2726 in
1523 2691 1641 2736 physi-

985 2740 1033 2774 cis
1065 2751 1101 2774 se
1136 2739 1329 2773 Democrito
1363 2731 1519 2779 addixit,
1561 2749 1642 2782 per-

982 2797 1099 2832 pauca
1118 2790 1268 2821 mutans.
1288 2785 1350 2820 ubi
1372 2783 1453 2820 vide
1473 2784 1596 2821 navis.
