<?xml version="1.0" encoding="UTF-8"?>
<!DOCTYPE html PUBLIC "-//W3C//DTD XHTML 1.0 Transitional//EN"
    "http://www.w3.org/TR/xhtml1/DTD/xhtml1-transitional.dtd">
<html xmlns="http://www.w3.org/1999/xhtml" xml:lang="en" lang="en">
 <head>
  <title>
</title>
<meta http-equiv="Content-Type" content="text/html;charset=utf-8" />
  <meta name='ocr-system' content='tesseract 3.04.00' />
  <meta name='ocr-capabilities' content='ocr_page ocr_carea ocr_par ocr_line ocrx_word'/>
</head>
<body>
  <div class='ocr_page' id='page_1' title='image "./quaesupersuntexh00velluoft_0165.png"; bbox 0 0 1728 3054; ppageno 0'>
   <div class='ocr_carea' id='block_1_1' title="bbox 155 198 1528 275">
    <p class='ocr_par' dir='ltr' id='par_1_1' title="bbox 155 198 1528 275">
     <span class='ocr_line' id='line_1_1' title="bbox 155 198 1528 275; baseline -0.004 -19"><span class='ocrx_word' id='word_1_1' title='bbox 155 218 179 233; x_wconf 60' lang='lat'>²</span> <span class='ocrx_word' id='word_1_2' title='bbox 220 234 224 237; x_wconf 92' lang='lat'><em>-</em></span> <span class='ocrx_word' id='word_1_3' title='bbox 412 212 925 257; x_wconf 72' lang='lat' dir='ltr'>commnNTATm</span> <span class='ocrx_word' id='word_1_4' title='bbox 975 198 1260 275; x_wconf 65' lang='lat' dir='ltr'>carnea</span> <span class='ocrx_word' id='word_1_5' title='bbox 1382 215 1528 252; x_wconf 80' lang='lat' dir='ltr'>cmuu</span> 
     </span>
    </p>
   </div>
   <div class='ocr_carea' id='block_1_2' title="bbox 136 324 1523 660">
    <p class='ocr_par' dir='ltr' id='par_1_2' title="bbox 136 324 1523 660">
     <span class='ocr_line' id='line_1_2' title="bbox 136 324 1523 383; baseline -0.004 -13"><span class='ocrx_word' id='word_1_6' title='bbox 136 328 244 382; x_wconf 76' lang='lat' dir='ltr'><strong>(LV.</strong></span> <span class='ocrx_word' id='word_1_7' title='bbox 272 341 367 383; x_wconf 76' lang='lat' dir='ltr'>pag.</span> <span class='ocrx_word' id='word_1_8' title='bbox 394 324 512 381; x_wconf 70' lang='lat'><strong>782.)</strong></span> <span class='ocrx_word' id='word_1_9' title='bbox 551 329 693 366; x_wconf 85' lang='lat' dir='ltr'>auctor</span> <span class='ocrx_word' id='word_1_10' title='bbox 721 329 808 377; x_wconf 86' lang='lat' dir='ltr'>est,</span> <span class='ocrx_word' id='word_1_11' title='bbox 850 326 977 367; x_wconf 73' lang='lat' dir='ltr'>misso</span> <span class='ocrx_word' id='word_1_12' title='bbox 1003 326 1056 365; x_wconf 87' lang='lat' dir='ltr'>ad</span> <span class='ocrx_word' id='word_1_13' title='bbox 1083 325 1238 366; x_wconf 85' lang='lat' dir='ltr'>bellum</span> <span class='ocrx_word' id='word_1_14' title='bbox 1265 324 1523 366; x_wconf 77' lang='lat' dir='ltr'>Armenicum</span> 
     </span>
     <span class='ocr_line' id='line_1_3' title="bbox 136 382 1520 436; baseline -0.006 -8"><span class='ocrx_word' id='word_1_15' title='bbox 136 387 259 436; x_wconf 69' lang='lat' dir='ltr'>caio,</span> <span class='ocrx_word' id='word_1_16' title='bbox 286 385 494 426; x_wconf 82' lang='lat' dir='ltr'>Tiberium</span> <span class='ocrx_word' id='word_1_17' title='bbox 522 384 565 427; x_wconf 86' lang='lat' dir='ltr'>iu</span> <span class='ocrx_word' id='word_1_18' title='bbox 593 383 738 426; x_wconf 85' lang='lat' dir='ltr'>Chium</span> <span class='ocrx_word' id='word_1_19' title='bbox 766 382 1018 434; x_wconf 85' lang='lat' dir='ltr'>profectum,</span> <span class='ocrx_word' id='word_1_20' title='bbox 1059 383 1211 423; x_wconf 72' lang='lat' dir='ltr'>mltum</span> <span class='ocrx_word' id='word_1_21' title='bbox 1239 382 1279 422; x_wconf 93' lang='lat' dir='ltr'>ei</span> <span class='ocrx_word' id='word_1_22' title='bbox 1306 386 1428 435; x_wconf 76' lang='lat' dir='ltr'>atque</span> <span class='ocrx_word' id='word_1_23' title='bbox 1456 382 1520 421; x_wconf 78' lang='lat' dir='ltr'>of-</span> 
     </span>
     <span class='ocr_line' id='line_1_4' title="bbox 136 436 1522 495; baseline -0.003 -12"><span class='ocrx_word' id='word_1_24' title='bbox 136 444 230 483; x_wconf 82' lang='lat' dir='ltr'>ficia</span> <span class='ocrx_word' id='word_1_25' title='bbox 266 442 520 495; x_wconf 80' lang='lat' dir='ltr'><strong>praestitisse</strong></span> <span class='ocrx_word' id='word_1_26' title='bbox 552 436 719 493; x_wconf 76' lang='grc' dir='ltr'><strong>(αὐτὸν</strong></span> <span class='ocrx_word' id='word_1_27' title='bbox 746 437 1080 492; x_wconf 78' lang='grc' dir='ltr'>ἐθεράπευσεν);</span> <span class='ocrx_word' id='word_1_28' title='bbox 1117 439 1311 479; x_wconf 87' lang='lat' dir='ltr'>bumilem</span> <span class='ocrx_word' id='word_1_29' title='bbox 1349 451 1522 490; x_wconf 80' lang='lat' dir='ltr'>namque</span> 
     </span>
     <span class='ocr_line' id='line_1_5' title="bbox 138 495 1522 550; baseline -0.004 -10"><span class='ocrx_word' id='word_1_30' title='bbox 138 514 183 540; x_wconf 83' lang='lat' dir='ltr'>se</span> <span class='ocrx_word' id='word_1_31' title='bbox 212 501 414 550; x_wconf 80' lang='lat' dir='ltr'>gessisse,</span> <span class='ocrx_word' id='word_1_32' title='bbox 450 509 527 536; x_wconf 89' lang='lat' dir='ltr'>nec</span> <span class='ocrx_word' id='word_1_33' title='bbox 563 500 719 535; x_wconf 85' lang='lat' dir='ltr'>tantum</span> <span class='ocrx_word' id='word_1_34' title='bbox 753 495 875 544; x_wconf 84' lang='lat' dir='ltr'>Gaio,</span> <span class='ocrx_word' id='word_1_35' title='bbox 914 496 988 535; x_wconf 77' lang='lat' dir='ltr'>aed</span> <span class='ocrx_word' id='word_1_36' title='bbox 1028 497 1151 535; x_wconf 82' lang='lat' dir='ltr'>etiam</span> <span class='ocrx_word' id='word_1_37' title='bbox 1179 495 1391 535; x_wconf 73' lang='lat' dir='ltr'>comitibus</span> <span class='ocrx_word' id='word_1_38' title='bbox 1419 496 1522 546; x_wconf 83' lang='lat' dir='ltr'>eius,</span> 
     </span>
     <span class='ocr_line' id='line_1_6' title="bbox 137 551 1520 603; baseline -0.004 -6"><span class='ocrx_word' id='word_1_39' title='bbox 137 569 185 596; x_wconf 75' lang='lat' dir='ltr'>se</span> <span class='ocrx_word' id='word_1_40' title='bbox 214 555 464 596; x_wconf 79' lang='lat' dir='ltr'><strong>submisisse.</strong></span> <span class='ocrx_word' id='word_1_41' title='bbox 520 555 580 592; x_wconf 80' lang='lat' dir='ltr'>Ac</span> <span class='ocrx_word' id='word_1_42' title='bbox 608 551 825 591; x_wconf 82' lang='lat' dir='ltr'>Suetonius</span> <span class='ocrx_word' id='word_1_43' title='bbox 862 564 949 603; x_wconf 89' lang='lat' dir='ltr'>cap.</span> <span class='ocrx_word' id='word_1_44' title='bbox 982 555 1049 594; x_wconf 79' lang='lat'>12.</span> <span class='ocrx_word' id='word_1_45' title='bbox 1084 553 1192 592; x_wconf 90' lang='lat' dir='ltr'>inter</span> <span class='ocrx_word' id='word_1_46' title='bbox 1220 565 1383 592; x_wconf 78' lang='lat' dir='ltr'>caussas</span> <span class='ocrx_word' id='word_1_47' title='bbox 1411 561 1520 591; x_wconf 66' lang='lat' dir='ltr'>sum-&#39;-</span> 
     </span>
     <span class='ocr_line' id='line_1_7' title="bbox 138 606 1520 660; baseline -0.004 -7"><span class='ocrx_word' id='word_1_48' title='bbox 138 626 229 653; x_wconf 86' lang='lat' dir='ltr'>mae</span> <span class='ocrx_word' id='word_1_49' title='bbox 258 608 558 655; x_wconf 78' lang='lat' dir='ltr'>sollicitudiniS,</span> <span class='ocrx_word' id='word_1_50' title='bbox 597 620 701 659; x_wconf 84' lang='lat' dir='ltr'>quae</span> <span class='ocrx_word' id='word_1_51' title='bbox 733 606 942 646; x_wconf 77' lang='lat' dir='ltr'>Tiberium</span> <span class='ocrx_word' id='word_1_52' title='bbox 980 613 1077 647; x_wconf 85' lang='lat' dir='ltr'>tunc</span> <span class='ocrx_word' id='word_1_53' title='bbox 1105 614 1331 660; x_wconf 87' lang='lat' dir='ltr'>premeret,</span> <span class='ocrx_word' id='word_1_54' title='bbox 1369 612 1520 659; x_wconf 80' lang='lat' dir='ltr'>narrat,</span> 
     </span>
    </p>
   </div>
   <div class='ocr_carea' id='block_1_3' title="bbox 90 664 1521 721">
    <p class='ocr_par' dir='ltr' id='par_1_3' title="bbox 90 664 1521 721">
     <span class='ocr_line' id='line_1_8' title="bbox 90 664 1521 721; baseline -0.002 -14"><span class='ocrx_word' id='word_1_55' title='bbox 90 697 95 700; x_wconf 86' lang='lat'>-</span> <span class='ocrx_word' id='word_1_56' title='bbox 138 669 245 721; x_wconf 83' lang='lat' dir='ltr'>quod</span> <span class='ocrx_word' id='word_1_57' title='bbox 285 668 446 712; x_wconf 82' lang='lat' dir='ltr'>Caium,</span> <span class='ocrx_word' id='word_1_58' title='bbox 486 664 645 704; x_wconf 85' lang='lat' dir='ltr'>Orienti</span> <span class='ocrx_word' id='word_1_59' title='bbox 682 664 980 716; x_wconf 80' lang='lat' dir='ltr'>praepositum,</span> <span class='ocrx_word' id='word_1_60' title='bbox 1029 678 1151 715; x_wconf 89' lang='lat' dir='ltr'>quum</span> <span class='ocrx_word' id='word_1_61' title='bbox 1186 665 1342 704; x_wconf 57' lang='lat' dir='ltr'>xisendi</span> <span class='ocrx_word' id='word_1_62' title='bbox 1378 666 1521 716; x_wconf 79' lang='lat' dir='ltr'>&#39;gratia</span> 
     </span>
    </p>
   </div>
   <div class='ocr_carea' id='block_1_4' title="bbox 135 719 1573 2303">
    <p class='ocr_par' dir='ltr' id='par_1_4' title="bbox 135 719 1522 1111">
     <span class='ocr_line' id='line_1_9' title="bbox 137 719 1522 768; baseline -0.001 -4"><span class='ocrx_word' id='word_1_63' title='bbox 137 725 361 764; x_wconf 82' lang='lat' dir='ltr'>traiecisset</span> <span class='ocrx_word' id='word_1_64' title='bbox 387 722 573 768; x_wconf 89' lang='lat' dir='ltr'>Samum,</span> <span class='ocrx_word' id='word_1_65' title='bbox 609 720 842 758; x_wconf 89' lang='lat' dir='ltr'>alieniorem</span> <span class='ocrx_word' id='word_1_66' title='bbox 872 719 951 758; x_wconf 89' lang='lat' dir='ltr'>sibi</span> <span class='ocrx_word' id='word_1_67' title='bbox 975 722 1171 761; x_wconf 77' lang='lat' dir='ltr'>sensisset</span> <span class='ocrx_word' id='word_1_68' title='bbox 1201 734 1251 760; x_wconf 81' lang='lat' dir='ltr'>ex</span> <span class='ocrx_word' id='word_1_69' title='bbox 1277 722 1522 762; x_wconf 81' lang='lat' dir='ltr'>criminatio-</span> 
     </span>
     <span class='ocr_line' id='line_1_10' title="bbox 139 776 1519 824; baseline -0.001 -4"><span class='ocrx_word' id='word_1_70' title='bbox 139 783 257 821; x_wconf 84' lang='lat' dir='ltr'>nibus</span> <span class='ocrx_word' id='word_1_71' title='bbox 286 779 347 820; x_wconf 77' lang='lat' dir='ltr'>M.</span> <span class='ocrx_word' id='word_1_72' title='bbox 375 777 518 824; x_wconf 82' lang='lat' dir='ltr'>Lollii,</span> <span class='ocrx_word' id='word_1_73' title='bbox 558 777 716 816; x_wconf 85' lang='lat' dir='ltr'>comitis</span> <span class='ocrx_word' id='word_1_74' title='bbox 743 780 787 816; x_wconf 88' lang='lat' dir='ltr'>et</span> <span class='ocrx_word' id='word_1_75' title='bbox 813 776 984 815; x_wconf 85' lang='lat' dir='ltr'>rectoris</span> <span class='ocrx_word' id='word_1_76' title='bbox 1014 778 1114 815; x_wconf 88' lang='lat' dir='ltr'>eius.</span> <span class='ocrx_word' id='word_1_77' title='bbox 1171 776 1246 816; x_wconf 85' lang='lat' dir='ltr'>cui</span> <span class='ocrx_word' id='word_1_78' title='bbox 1273 779 1519 819; x_wconf 72' lang='lat' dir='ltr'>credamus‘i</span> 
     </span>
     <span class='ocr_line' id='line_1_11' title="bbox 137 832 1518 886; baseline -0.001 -9"><span class='ocrx_word' id='word_1_79' title='bbox 137 837 275 877; x_wconf 86' lang='lat' dir='ltr'>Dionis</span> <span class='ocrx_word' id='word_1_80' title='bbox 301 848 349 875; x_wconf 87' lang='lat' dir='ltr'>ac</span> <span class='ocrx_word' id='word_1_81' title='bbox 376 833 561 874; x_wconf 83' lang='lat' dir='ltr'>Suetonii</span> <span class='ocrx_word' id='word_1_82' title='bbox 585 833 762 872; x_wconf 87' lang='lat' dir='ltr'>narratio</span> <span class='ocrx_word' id='word_1_83' title='bbox 788 833 910 884; x_wconf 87' lang='lat' dir='ltr'>longe</span> <span class='ocrx_word' id='word_1_84' title='bbox 937 832 1208 885; x_wconf 81' lang='lat' dir='ltr'>probabilior,</span> <span class='ocrx_word' id='word_1_85' title='bbox 1241 847 1317 886; x_wconf 86' lang='lat' dir='ltr'>pro</span> <span class='ocrx_word' id='word_1_86' title='bbox 1346 835 1518 886; x_wconf 76' lang='lat' dir='ltr'>diversa,</span> 
     </span>
     <span class='ocr_line' id='line_1_12' title="bbox 137 889 1521 945; baseline -0.001 -13"><span class='ocrx_word' id='word_1_87' title='bbox 137 906 240 945; x_wconf 80' lang='lat' dir='ltr'>quae</span> <span class='ocrx_word' id='word_1_88' title='bbox 273 898 361 932; x_wconf 88' lang='lat' dir='ltr'>tum</span> <span class='ocrx_word' id='word_1_89' title='bbox 396 890 499 940; x_wconf 85' lang='lat' dir='ltr'>suit,</span> <span class='ocrx_word' id='word_1_90' title='bbox 548 891 756 941; x_wconf 88' lang='lat' dir='ltr'>utriusque</span> <span class='ocrx_word' id='word_1_91' title='bbox 793 889 978 937; x_wconf 82' lang='lat' dir='ltr'>fortuna,</span> <span class='ocrx_word' id='word_1_92' title='bbox 1019 890 1194 942; x_wconf 87' lang='lat' dir='ltr'>superba</span> <span class='ocrx_word' id='word_1_93' title='bbox 1236 890 1521 940; x_wconf 88' lang='lat' dir='ltr'>adolescentis,</span> 
     </span>
     <span class='ocr_line' id='line_1_13' title="bbox 136 945 1520 999; baseline -0.001 -10"><span class='ocrx_word' id='word_1_94' title='bbox 136 949 279 989; x_wconf 83' lang='lat' dir='ltr'>humili</span> <span class='ocrx_word' id='word_1_95' title='bbox 307 947 464 986; x_wconf 83' lang='lat' dir='ltr'>Tiberii</span> <span class='ocrx_word' id='word_1_96' title='bbox 500 947 673 994; x_wconf 75' lang='lat' dir='ltr'>exsulis,</span> <span class='ocrx_word' id='word_1_97' title='bbox 713 946 781 997; x_wconf 92' lang='lat' dir='ltr'>qui</span> <span class='ocrx_word' id='word_1_98' title='bbox 818 947 1104 999; x_wconf 77' lang='lat' dir='ltr'>appellabatur.</span> <span class='ocrx_word' id='word_1_99' title='bbox 1136 945 1177 999; x_wconf 81' lang='grc'>*)</span> <span class='ocrx_word' id='word_1_100' title='bbox 1235 947 1325 986; x_wconf 88' lang='lat' dir='ltr'>Non</span> <span class='ocrx_word' id='word_1_101' title='bbox 1364 952 1520 987; x_wconf 89' lang='lat' dir='ltr'>temere</span> 
     </span>
     <span class='ocr_line' id='line_1_14' title="bbox 135 1002 1520 1058; baseline -0.001 -13"><span class='ocrx_word' id='word_1_102' title='bbox 135 1007 261 1058; x_wconf 81' lang='lat' dir='ltr'>igitur</span> <span class='ocrx_word' id='word_1_103' title='bbox 288 1005 333 1044; x_wconf 86' lang='lat' dir='ltr'>h.</span> <span class='ocrx_word' id='word_1_104' title='bbox 351 1004 376 1042; x_wconf 91' lang='grc' dir='ltr'>Ι.</span> <span class='ocrx_word' id='word_1_105' title='bbox 406 1003 676 1042; x_wconf 82' lang='lat' dir='ltr'>adulationem</span> <span class='ocrx_word' id='word_1_106' title='bbox 705 1002 866 1043; x_wconf 85' lang='lat' dir='ltr'>Velleio</span> <span class='ocrx_word' id='word_1_107' title='bbox 896 1004 1095 1042; x_wconf 87' lang='lat' dir='ltr'>obiecisse</span> <span class='ocrx_word' id='word_1_108' title='bbox 1118 1003 1306 1043; x_wconf 79' lang='lat' dir='ltr'>videntur</span> <span class='ocrx_word' id='word_1_109' title='bbox 1325 1003 1520 1057; x_wconf 57' lang='lat' dir='ltr'>lutei-pp„</span> 
     </span>
     <span class='ocr_line' id='line_1_15' title="bbox 137 1059 1078 1111; baseline -0.004 -9"><span class='ocrx_word' id='word_1_110' title='bbox 137 1068 181 1103; x_wconf 90' lang='lat' dir='ltr'>et</span> <span class='ocrx_word' id='word_1_111' title='bbox 209 1062 468 1101; x_wconf 79' lang='lat' dir='ltr'>casaubonus</span> <span class='ocrx_word' id='word_1_112' title='bbox 497 1061 547 1098; x_wconf 89' lang='lat' dir='ltr'>ad</span> <span class='ocrx_word' id='word_1_113' title='bbox 577 1060 742 1099; x_wconf 89' lang='lat' dir='ltr'>Sueton.</span> <span class='ocrx_word' id='word_1_114' title='bbox 771 1059 862 1098; x_wconf 83' lang='lat' dir='ltr'>Tib.</span> <span class='ocrx_word' id='word_1_115' title='bbox 890 1073 980 1111; x_wconf 88' lang='lat' dir='ltr'>cap.</span> <span class='ocrx_word' id='word_1_116' title='bbox 1010 1062 1078 1101; x_wconf 82' lang='grc'>12.</span> 
     </span>
    </p>

    <p class='ocr_par' dir='ltr' id='par_1_5' title="bbox 136 1116 1573 1678">
     <span class='ocr_line' id='line_1_16' title="bbox 250 1116 1520 1169; baseline 0 -12"><span class='ocrx_word' id='word_1_117' title='bbox 250 1118 352 1157; x_wconf 87' lang='lat' dir='ltr'>lbid.</span> <span class='ocrx_word' id='word_1_118' title='bbox 384 1116 455 1166; x_wconf 83' lang='lat' dir='ltr'>(G.</span> <span class='ocrx_word' id='word_1_119' title='bbox 486 1118 664 1166; x_wconf 87' lang='lat' dir='ltr'>Caesar)</span> <span class='ocrx_word' id='word_1_120' title='bbox 704 1121 793 1155; x_wconf 84' lang='lat' dir='ltr'>tam</span> <span class='ocrx_word' id='word_1_121' title='bbox 827 1117 947 1156; x_wconf 81' lang='lat' dir='ltr'>varie</span> <span class='ocrx_word' id='word_1_122' title='bbox 981 1129 1027 1155; x_wconf 84' lang='lat' dir='ltr'>se</span> <span class='ocrx_word' id='word_1_123' title='bbox 1056 1116 1118 1156; x_wconf 79' lang='lat' dir='ltr'>ibi</span> <span class='ocrx_word' id='word_1_124' title='bbox 1147 1117 1306 1169; x_wconf 72' lang='lat' dir='ltr'>gessit,</span> <span class='ocrx_word' id='word_1_125' title='bbox 1350 1122 1399 1157; x_wconf 82' lang='lat' dir='ltr'>ut</span> <span class='ocrx_word' id='word_1_126' title='bbox 1442 1122 1520 1158; x_wconf 77' lang='lat' dir='ltr'>nec</span> 
     </span>
     <span class='ocr_line' id='line_1_17' title="bbox 137 1173 1518 1226; baseline -0.001 -11"><span class='ocrx_word' id='word_1_127' title='bbox 137 1173 408 1215; x_wconf 65' lang='lat' dir='ltr'>hudatumm</span> <span class='ocrx_word' id='word_1_128' title='bbox 435 1185 614 1226; x_wconf 81' lang='lat' dir='ltr'>magna,</span> <span class='ocrx_word' id='word_1_129' title='bbox 650 1185 740 1219; x_wconf 76' lang='lat' dir='ltr'>nec,</span> <span class='ocrx_word' id='word_1_130' title='bbox 762 1173 1093 1224; x_wconf 77' lang='lat' dir='ltr'>vituperaturum</span> <span class='ocrx_word' id='word_1_131' title='bbox 1129 1173 1355 1213; x_wconf 80' lang='lat' dir='ltr'>mediocris</span> <span class='ocrx_word' id='word_1_132' title='bbox 1384 1180 1518 1214; x_wconf 84' lang='lat' dir='ltr'>mate-</span> 
     </span>
     <span class='ocr_line' id='line_1_18' title="bbox 137 1229 1522 1284; baseline 0.001 -14"><span class='ocrx_word' id='word_1_133' title='bbox 137 1233 204 1273; x_wconf 75' lang='lat' dir='ltr'>ria</span> <span class='ocrx_word' id='word_1_134' title='bbox 240 1230 419 1284; x_wconf 82' lang='lat' dir='ltr'>deficiat.</span> <span class='ocrx_word' id='word_1_135' title='bbox 477 1230 606 1269; x_wconf 81' lang='lat' dir='ltr'>Caute</span> <span class='ocrx_word' id='word_1_136' title='bbox 634 1229 787 1268; x_wconf 81' lang='lat' dir='ltr'>Noster</span> <span class='ocrx_word' id='word_1_137' title='bbox 825 1230 982 1269; x_wconf 86' lang='lat' dir='ltr'>Tiberii</span> <span class='ocrx_word' id='word_1_138' title='bbox 1010 1242 1174 1279; x_wconf 78' lang='lat' dir='ltr'>caussa,</span> <span class='ocrx_word' id='word_1_139' title='bbox 1209 1231 1250 1269; x_wconf 92' lang='lat' dir='ltr'>in</span> <span class='ocrx_word' id='word_1_140' title='bbox 1289 1244 1411 1281; x_wconf 90' lang='lat' dir='ltr'>quem</span> <span class='ocrx_word' id='word_1_141' title='bbox 1443 1244 1522 1282; x_wconf 86' lang='lat' dir='ltr'>quo</span> 
     </span>
     <span class='ocr_line' id='line_1_19' title="bbox 136 1284 1522 1339; baseline -0.001 -11"><span class='ocrx_word' id='word_1_142' title='bbox 136 1288 268 1328; x_wconf 85' lang='lat' dir='ltr'>auimo</span> <span class='ocrx_word' id='word_1_143' title='bbox 298 1284 419 1326; x_wconf 74' lang='lat' dir='ltr'>Ca&#39;ius</span> <span class='ocrx_word' id='word_1_144' title='bbox 448 1285 596 1334; x_wconf 86' lang='lat' dir='ltr'>fuerit,</span> <span class='ocrx_word' id='word_1_145' title='bbox 636 1285 848 1325; x_wconf 83' lang='lat' dir='ltr'>didicimus</span> <span class='ocrx_word' id='word_1_146' title='bbox 874 1299 936 1336; x_wconf 81' lang='lat' dir='ltr'>‚ex</span> <span class='ocrx_word' id='word_1_147' title='bbox 964 1286 1170 1326; x_wconf 86' lang='lat' dir='ltr'>Suetonio.</span> <span class='ocrx_word' id='word_1_148' title='bbox 1227 1287 1369 1338; x_wconf 77' lang='lat' dir='ltr'>Quid?</span> <span class='ocrx_word' id='word_1_149' title='bbox 1411 1288 1522 1339; x_wconf 86' lang='lat' dir='ltr'>quod</span> 
     </span>
     <span class='ocr_line' id='line_1_20' title="bbox 136 1342 1520 1396; baseline 0.001 -13"><span class='ocrx_word' id='word_1_150' title='bbox 136 1348 278 1396; x_wconf 88' lang='lat' dir='ltr'>aperte</span> <span class='ocrx_word' id='word_1_151' title='bbox 304 1342 567 1395; x_wconf 87' lang='lat' dir='ltr'>reprehendit</span> <span class='ocrx_word' id='word_1_152' title='bbox 598 1342 916 1381; x_wconf 85' lang='lat' dir='ltr'>adolescentem:</span> <span class='ocrx_word' id='word_1_153' title='bbox 959 1342 1058 1382; x_wconf 88' lang='lat' dir='ltr'>Nec</span> <span class='ocrx_word' id='word_1_154' title='bbox 1089 1342 1227 1394; x_wconf 80' lang='lat' dir='ltr'>defuit</span> <span class='ocrx_word' id='word_1_155' title='bbox 1256 1345 1520 1384; x_wconf 81' lang='lat' dir='ltr'>conversatio</span> 
     </span>
     <span class='ocr_line' id='line_1_21' title="bbox 137 1399 1573 1447; baseline 0 -7"><span class='ocrx_word' id='word_1_156' title='bbox 137 1401 370 1447; x_wconf 76' lang='lat' dir='ltr'>hominum,</span> <span class='ocrx_word' id='word_1_157' title='bbox 412 1399 517 1438; x_wconf 79' lang='lat' dir='ltr'>vitia</span> <span class='ocrx_word' id='word_1_158' title='bbox 553 1399 642 1438; x_wconf 83' lang='lat' dir='ltr'>eius</span> <span class='ocrx_word' id='word_1_159' title='bbox 671 1399 955 1438; x_wconf 77' lang='lat' dir='ltr'>assentatione</span> <span class='ocrx_word' id='word_1_160' title='bbox 983 1400 1199 1439; x_wconf 79' lang='lat' dir='ltr'>alentium.</span> <span class='ocrx_word' id='word_1_161' title='bbox 1257 1400 1316 1442; x_wconf 80' lang='lat' dir='ltr'>M.</span> <span class='ocrx_word' id='word_1_162' title='bbox 1345 1401 1518 1440; x_wconf 87' lang='lat' dir='ltr'>Lollium</span> <span class='ocrx_word' id='word_1_163' title='bbox 1571 1422 1573 1425; x_wconf 84' lang='lat'><em>.</em></span> 
     </span>
     <span class='ocr_line' id='line_1_22' title="bbox 139 1455 1542 1508; baseline 0.001 -12"><span class='ocrx_word' id='word_1_164' title='bbox 139 1457 303 1508; x_wconf 85' lang='lat' dir='ltr'>quidem</span> <span class='ocrx_word' id='word_1_165' title='bbox 330 1455 520 1494; x_wconf 86' lang='lat' dir='ltr'>Tiberius</span> <span class='ocrx_word' id='word_1_166' title='bbox 547 1455 636 1506; x_wconf 88' lang='lat' dir='ltr'>ipse</span> <span class='ocrx_word' id='word_1_167' title='bbox 664 1455 707 1493; x_wconf 89' lang='lat' dir='ltr'>in</span> <span class='ocrx_word' id='word_1_168' title='bbox 735 1455 887 1494; x_wconf 85' lang='lat' dir='ltr'>Senatu</span> <span class='ocrx_word' id='word_1_169' title='bbox 913 1455 1133 1504; x_wconf 73' lang='lat' dir='ltr'>incusavit,</span> <span class='ocrx_word' id='word_1_170' title='bbox 1172 1470 1264 1496; x_wconf 85' lang='lat' dir='ltr'>eum</span> <span class='ocrx_word' id='word_1_171' title='bbox 1303 1464 1542 1506; x_wconf 71' lang='lat' dir='ltr'>auctorem·</span> 
     </span>
     <span class='ocr_line' id='line_1_23' title="bbox 140 1509 1520 1564; baseline 0.001 -12"><span class='ocrx_word' id='word_1_172' title='bbox 140 1511 185 1553; x_wconf 81' lang='lat' dir='ltr'>C.</span> <span class='ocrx_word' id='word_1_173' title='bbox 219 1511 391 1551; x_wconf 80' lang='lat' dir='ltr'>Caesari</span> <span class='ocrx_word' id='word_1_174' title='bbox 414 1511 638 1564; x_wconf 77' lang='lat' dir='ltr'>pravitatis</span> <span class='ocrx_word' id='word_1_175' title='bbox 666 1515 707 1550; x_wconf 82' lang='lat' dir='ltr'>et</span> <span class='ocrx_word' id='word_1_176' title='bbox 738 1509 975 1551; x_wconf 73' lang='lat' dir='ltr'>discordiae</span> <span class='ocrx_word' id='word_1_177' title='bbox 1002 1524 1195 1563; x_wconf 79' lang='lat' dir='ltr'>arguenS‚</span> <span class='ocrx_word' id='word_1_178' title='bbox 1235 1519 1345 1553; x_wconf 86' lang='lat' dir='ltr'>teste</span> <span class='ocrx_word' id='word_1_179' title='bbox 1372 1514 1520 1554; x_wconf 84' lang='lat' dir='ltr'>Tacito</span> 
     </span>
     <span class='ocr_line' id='line_1_24' title="bbox 141 1566 1520 1623; baseline 0.001 -13"><span class='ocrx_word' id='word_1_180' title='bbox 141 1571 241 1610; x_wconf 83' lang='lat' dir='ltr'>Ann.</span> <span class='ocrx_word' id='word_1_181' title='bbox 271 1568 340 1608; x_wconf 90' lang='lat'><em>111.</em></span> <span class='ocrx_word' id='word_1_182' title='bbox 366 1571 436 1610; x_wconf 78' lang='lat'>48.</span> <span class='ocrx_word' id='word_1_183' title='bbox 464 1567 635 1613; x_wconf 83' lang='lat' dir='ltr'>Mirum,</span> <span class='ocrx_word' id='word_1_184' title='bbox 665 1567 708 1606; x_wconf 90' lang='lat' dir='ltr'>ni</span> <span class='ocrx_word' id='word_1_185' title='bbox 734 1566 941 1607; x_wconf 87' lang='lat' dir='ltr'>hominem</span> <span class='ocrx_word' id='word_1_186' title='bbox 967 1569 1120 1609; x_wconf 77' lang='lat' dir='ltr'>notavit</span> <span class='ocrx_word' id='word_1_187' title='bbox 1149 1568 1346 1610; x_wconf 86' lang='lat' dir='ltr'>Velleius.</span> <span class='ocrx_word' id='word_1_188' title='bbox 1400 1571 1520 1623; x_wconf 74' lang='lat' dir='ltr'>Quod</span> 
     </span>
     <span class='ocr_line' id='line_1_25' title="bbox 140 1623 809 1678; baseline -0.004 -13"><span class='ocrx_word' id='word_1_189' title='bbox 140 1625 374 1678; x_wconf 74' lang='lat' dir='ltr'>gravissime</span> <span class='ocrx_word' id='word_1_190' title='bbox 402 1624 503 1663; x_wconf 84' lang='lat' dir='ltr'>fecit</span> <span class='ocrx_word' id='word_1_191' title='bbox 531 1623 582 1665; x_wconf 85' lang='lat'>11.</span> <span class='ocrx_word' id='word_1_192' title='bbox 611 1627 680 1665; x_wconf 69' lang='lat'>97.</span> <span class='ocrx_word' id='word_1_193' title='bbox 713 1627 809 1666; x_wconf 78' lang='lat'>102.</span> 
     </span>
    </p>

    <p class='ocr_par' dir='ltr' id='par_1_6' title="bbox 138 1678 1523 2060">
     <span class='ocr_line' id='line_1_26' title="bbox 172 1678 1523 1737; baseline 0.004 -17"><span class='ocrx_word' id='word_1_194' title='bbox 172 1691 175 1697; x_wconf 79' lang='grc'>’</span> <span class='ocrx_word' id='word_1_195' title='bbox 253 1681 303 1720; x_wconf 88' lang='lat'>11.</span> <span class='ocrx_word' id='word_1_196' title='bbox 331 1683 428 1722; x_wconf 79' lang='lat'><strong>103.</strong></span> <span class='ocrx_word' id='word_1_197' title='bbox 485 1679 714 1720; x_wconf 80' lang='lat' dir='ltr'>Laetitiam</span> <span class='ocrx_word' id='word_1_198' title='bbox 750 1681 868 1720; x_wconf 80' lang='lat' dir='ltr'>illius</span> <span class='ocrx_word' id='word_1_199' title='bbox 904 1678 1009 1730; x_wconf 83' lang='lat' dir='ltr'>diei,</span> <span class='ocrx_word' id='word_1_200' title='bbox 1051 1694 1379 1737; x_wconf 75' lang='lat' dir='ltr'>concursumque</span> <span class='ocrx_word' id='word_1_201' title='bbox 1418 1682 1523 1725; x_wconf 61' lang='lat' dir='ltr'>citii-</span> 
     </span>
     <span class='ocr_line' id='line_1_27' title="bbox 141 1737 1520 1790; baseline 0.002 -13"><span class='ocrx_word' id='word_1_202' title='bbox 141 1739 266 1785; x_wconf 75' lang='lat' dir='ltr'>tatia,</span> <span class='ocrx_word' id='word_1_203' title='bbox 294 1742 343 1776; x_wconf 80' lang='lat' dir='ltr'>et</span> <span class='ocrx_word' id='word_1_204' title='bbox 363 1742 461 1776; x_wconf 84' lang='lat' dir='ltr'>vota</span> <span class='ocrx_word' id='word_1_205' title='bbox 479 1749 615 1790; x_wconf 82' lang='lat' dir='ltr'>paene</span> <span class='ocrx_word' id='word_1_206' title='bbox 642 1737 913 1777; x_wconf 79' lang='lat' dir='ltr'>inserentium</span> <span class='ocrx_word' id='word_1_207' title='bbox 940 1737 1053 1777; x_wconf 85' lang='lat' dir='ltr'>coelo</span> <span class='ocrx_word' id='word_1_208' title='bbox 1080 1751 1244 1779; x_wconf 82' lang='lat' dir='ltr'>manus.</span> <span class='ocrx_word' id='word_1_209' title='bbox 1296 1740 1403 1780; x_wconf 88' lang='lat' dir='ltr'>Rem</span> <span class='ocrx_word' id='word_1_210' title='bbox 1429 1754 1520 1786; x_wconf 65' lang='lat' dir='ltr'>xer-</span> 
     </span>
     <span class='ocr_line' id='line_1_28' title="bbox 140 1793 1519 1845; baseline 0.003 -12"><span class='ocrx_word' id='word_1_211' title='bbox 140 1795 205 1834; x_wconf 88' lang='lat' dir='ltr'>bis</span> <span class='ocrx_word' id='word_1_212' title='bbox 238 1793 494 1844; x_wconf 85' lang='lat' dir='ltr'>amplificari,</span> <span class='ocrx_word' id='word_1_213' title='bbox 533 1793 620 1844; x_wconf 87' lang='lat' dir='ltr'>quis</span> <span class='ocrx_word' id='word_1_214' title='bbox 653 1805 732 1832; x_wconf 89' lang='lat' dir='ltr'>non</span> <span class='ocrx_word' id='word_1_215' title='bbox 760 1793 903 1832; x_wconf 61' lang='lat' dir='ltr'>videt?</span> <span class='ocrx_word' id='word_1_216' title='bbox 958 1794 1103 1845; x_wconf 89' lang='lat' dir='ltr'>Neque</span> <span class='ocrx_word' id='word_1_217' title='bbox 1140 1796 1241 1835; x_wconf 88' lang='lat' dir='ltr'>illud</span> <span class='ocrx_word' id='word_1_218' title='bbox 1271 1810 1368 1836; x_wconf 81' lang='lat' dir='ltr'>vere</span> <span class='ocrx_word' id='word_1_219' title='bbox 1407 1798 1519 1838; x_wconf 87' lang='lat' dir='ltr'>adie-</span> 
     </span>
     <span class='ocr_line' id='line_1_29' title="bbox 141 1849 1522 1906; baseline 0.003 -16"><span class='ocrx_word' id='word_1_220' title='bbox 141 1855 251 1891; x_wconf 85' lang='lat' dir='ltr'>ctum</span> <span class='ocrx_word' id='word_1_221' title='bbox 278 1849 457 1888; x_wconf 75' lang='lat' dir='ltr'>videtur:</span> <span class='ocrx_word' id='word_1_222' title='bbox 494 1853 581 1888; x_wconf 90' lang='lat' dir='ltr'>tum</span> <span class='ocrx_word' id='word_1_223' title='bbox 608 1862 722 1902; x_wconf 79' lang='lat' dir='ltr'>apem</span> <span class='ocrx_word' id='word_1_224' title='bbox 751 1861 844 1888; x_wconf 91' lang='lat' dir='ltr'>esse</span> <span class='ocrx_word' id='word_1_225' title='bbox 873 1857 1112 1904; x_wconf 81' lang='lat' dir='ltr'>conceptam</span> <span class='ocrx_word' id='word_1_226' title='bbox 1143 1859 1377 1906; x_wconf 82' lang='lat' dir='ltr'>perpetuae</span> <span class='ocrx_word' id='word_1_227' title='bbox 1404 1867 1522 1894; x_wconf 80' lang='lat' dir='ltr'>seca-</span> 
     </span>
     <span class='ocr_line' id='line_1_30' title="bbox 140 1905 1520 1964; baseline 0.004 -18"><span class='ocrx_word' id='word_1_228' title='bbox 140 1907 295 1954; x_wconf 80' lang='lat' dir='ltr'>ritatis,</span> <span class='ocrx_word' id='word_1_229' title='bbox 324 1905 670 1959; x_wconf 79' lang='lat' dir='ltr'>aeternitatisque</span> <span class='ocrx_word' id='word_1_230' title='bbox 696 1905 882 1944; x_wconf 83' lang='lat' dir='ltr'>Romani</span> <span class='ocrx_word' id='word_1_231' title='bbox 906 1907 1081 1960; x_wconf 79' lang='lat' dir='ltr'>imperii.</span> <span class='ocrx_word' id='word_1_232' title='bbox 1123 1907 1342 1950; x_wconf 88' lang='lat' dir='ltr'>Probabile</span> <span class='ocrx_word' id='word_1_233' title='bbox 1371 1913 1520 1964; x_wconf 86' lang='lat' dir='ltr'>potius,</span> 
     </span>
     <span class='ocr_line' id='line_1_31' title="bbox 138 1961 1520 2020; baseline 0.005 -18"><span class='ocrx_word' id='word_1_234' title='bbox 138 1962 322 2002; x_wconf 75' lang='lat' dir='ltr'>homine·</span> <span class='ocrx_word' id='word_1_235' title='bbox 347 1962 581 2002; x_wconf 87' lang='lat' dir='ltr'>imminente</span> <span class='ocrx_word' id='word_1_236' title='bbox 605 1962 684 2001; x_wconf 84' lang='lat' dir='ltr'>hoc</span> <span class='ocrx_word' id='word_1_237' title='bbox 711 1961 874 2002; x_wconf 89' lang='lat' dir='ltr'>domino</span> <span class='ocrx_word' id='word_1_238' title='bbox 900 1963 944 2003; x_wconf 88' lang='lat' dir='ltr'>in</span> <span class='ocrx_word' id='word_1_239' title='bbox 970 1969 1084 2005; x_wconf 81' lang='lat' dir='ltr'>metu</span> <span class='ocrx_word' id='word_1_240' title='bbox 1111 1965 1261 2018; x_wconf 81' lang='lat' dir='ltr'>fuisse,</span> <span class='ocrx_word' id='word_1_241' title='bbox 1291 1968 1328 2008; x_wconf 88' lang='lat' dir='ltr'>si</span> <span class='ocrx_word' id='word_1_242' title='bbox 1355 1968 1520 2020; x_wconf 88' lang='lat' dir='ltr'>quidem</span> 
     </span>
     <span class='ocr_line' id='line_1_32' title="bbox 139 2017 685 2060; baseline -0.005 -1"><span class='ocrx_word' id='word_1_243' title='bbox 139 2018 244 2059; x_wconf 81' lang='lat' dir='ltr'>fides</span> <span class='ocrx_word' id='word_1_244' title='bbox 273 2018 417 2059; x_wconf 90' lang='lat' dir='ltr'>Tacito</span> <span class='ocrx_word' id='word_1_245' title='bbox 446 2019 551 2058; x_wconf 86' lang='lat' dir='ltr'>Aun.</span> <span class='ocrx_word' id='word_1_246' title='bbox 580 2017 611 2057; x_wconf 86' lang='grc' dir='ltr'>Ι.</span> <span class='ocrx_word' id='word_1_247' title='bbox 644 2021 685 2060; x_wconf 83' lang='lat'>4.</span> 
     </span>
    </p>

    <p class='ocr_par' dir='ltr' id='par_1_7' title="bbox 139 2074 1520 2303">
     <span class='ocr_line' id='line_1_33' title="bbox 250 2074 1519 2130; baseline 0.003 -16"><span class='ocrx_word' id='word_1_248' title='bbox 250 2074 301 2116; x_wconf 89' lang='lat'>11.</span> <span class='ocrx_word' id='word_1_249' title='bbox 333 2079 426 2117; x_wconf 68' lang='lat'>104.</span> <span class='ocrx_word' id='word_1_250' title='bbox 483 2075 598 2126; x_wconf 80' lang='lat' dir='ltr'>Quae</span> <span class='ocrx_word' id='word_1_251' title='bbox 625 2075 704 2114; x_wconf 88' lang='lat' dir='ltr'>hoc</span> <span class='ocrx_word' id='word_1_252' title='bbox 731 2074 864 2126; x_wconf 85' lang='lat' dir='ltr'>capite</span> <span class='ocrx_word' id='word_1_253' title='bbox 892 2079 936 2115; x_wconf 88' lang='lat' dir='ltr'>et</span> <span class='ocrx_word' id='word_1_254' title='bbox 962 2088 1076 2129; x_wconf 85' lang='lat' dir='ltr'>seqq.</span> <span class='ocrx_word' id='word_1_255' title='bbox 1105 2082 1330 2130; x_wconf 79' lang='lat' dir='ltr'>narrantur,</span> <span class='ocrx_word' id='word_1_256' title='bbox 1359 2094 1409 2121; x_wconf 89' lang='lat' dir='ltr'>ea</span> <span class='ocrx_word' id='word_1_257' title='bbox 1436 2080 1519 2121; x_wconf 82' lang='lat' dir='ltr'>ma-</span> 
     </span>
     <span class='ocr_line' id='line_1_34' title="bbox 140 2132 1520 2185; baseline 0.005 -15"><span class='ocrx_word' id='word_1_258' title='bbox 140 2143 260 2185; x_wconf 79' lang='lat' dir='ltr'>gnam</span> <span class='ocrx_word' id='word_1_259' title='bbox 293 2137 450 2185; x_wconf 86' lang='lat' dir='ltr'>partem</span> <span class='ocrx_word' id='word_1_260' title='bbox 476 2144 552 2183; x_wconf 86' lang='lat' dir='ltr'>pro</span> <span class='ocrx_word' id='word_1_261' title='bbox 579 2132 683 2171; x_wconf 79' lang='lat' dir='ltr'>veris</span> <span class='ocrx_word' id='word_1_262' title='bbox 711 2135 805 2170; x_wconf 86' lang='lat' dir='ltr'>sunt</span> <span class='ocrx_word' id='word_1_263' title='bbox 833 2132 1031 2173; x_wconf 85' lang='lat' dir='ltr'>habenda.</span> <span class='ocrx_word' id='word_1_264' title='bbox 1073 2133 1253 2176; x_wconf 87' lang='lat' dir='ltr'>Primum</span> <span class='ocrx_word' id='word_1_265' title='bbox 1282 2138 1390 2177; x_wconf 84' lang='lat' dir='ltr'>enim</span> <span class='ocrx_word' id='word_1_266' title='bbox 1418 2137 1520 2179; x_wconf 87' lang='lat' dir='ltr'>Vel-</span> 
     </span>
     <span class='ocr_line' id='line_1_35' title="bbox 140 2188 1520 2246; baseline 0.005 -18"><span class='ocrx_word' id='word_1_267' title='bbox 140 2189 243 2229; x_wconf 86' lang='lat' dir='ltr'>leius</span> <span class='ocrx_word' id='word_1_268' title='bbox 277 2201 436 2235; x_wconf 89' lang='lat' dir='ltr'>eorum,</span> <span class='ocrx_word' id='word_1_269' title='bbox 468 2201 571 2239; x_wconf 89' lang='lat' dir='ltr'>qnae</span> <span class='ocrx_word' id='word_1_270' title='bbox 598 2188 748 2234; x_wconf 80' lang='lat' dir='ltr'>refert,</span> <span class='ocrx_word' id='word_1_271' title='bbox 785 2194 989 2241; x_wconf 88' lang='lat' dir='ltr'>spectator</span> <span class='ocrx_word' id='word_1_272' title='bbox 1016 2190 1173 2240; x_wconf 81' lang='lat' dir='ltr'>fuerat3</span> <span class='ocrx_word' id='word_1_273' title='bbox 1210 2197 1294 2233; x_wconf 90' lang='lat' dir='ltr'>tum</span> <span class='ocrx_word' id='word_1_274' title='bbox 1327 2195 1520 2246; x_wconf 79' lang='lat' dir='ltr'>fingendo</span> 
     </span>
     <span class='ocr_line' id='line_1_36' title="bbox 139 2244 1520 2303; baseline 0.004 -18"><span class='ocrx_word' id='word_1_275' title='bbox 139 2245 181 2285; x_wconf 86' lang='lat' dir='ltr'>in</span> <span class='ocrx_word' id='word_1_276' title='bbox 218 2246 338 2286; x_wconf 83' lang='lat' dir='ltr'>rebus</span> <span class='ocrx_word' id='word_1_277' title='bbox 375 2244 533 2284; x_wconf 88' lang='lat' dir='ltr'>Tiberii</span> <span class='ocrx_word' id='word_1_278' title='bbox 567 2244 775 2284; x_wconf 86' lang='lat' dir='ltr'>narrandis</span> <span class='ocrx_word' id='word_1_279' title='bbox 813 2250 970 2285; x_wconf 86' lang='lat' dir='ltr'>tantum</span> <span class='ocrx_word' id='word_1_280' title='bbox 1004 2247 1226 2298; x_wconf 78' lang='lat' dir='ltr'>abfuisset,</span> <span class='ocrx_word' id='word_1_281' title='bbox 1272 2256 1319 2290; x_wconf 88' lang='lat' dir='ltr'>ut</span> <span class='ocrx_word' id='word_1_282' title='bbox 1347 2252 1520 2303; x_wconf 82' lang='lat' dir='ltr'>gratiam</span> 
     </span>
    </p>
   </div>
   <div class='ocr_carea' id='block_1_5' title="bbox 108 2302 1523 2361">
    <p class='ocr_par' dir='ltr' id='par_1_8' title="bbox 108 2302 1523 2361">
     <span class='ocr_line' id='line_1_37' title="bbox 108 2302 1523 2361; baseline 0.005 -19"><span class='ocrx_word' id='word_1_283' title='bbox 108 2347 110 2351; x_wconf 84' lang='lat'><em>.</em></span> <span class='ocrx_word' id='word_1_284' title='bbox 141 2302 247 2355; x_wconf 82' lang='lat' dir='ltr'>apud</span> <span class='ocrx_word' id='word_1_285' title='bbox 275 2302 478 2361; x_wconf 84' lang='lat' dir='ltr'>hominem</span> <span class='ocrx_word' id='word_1_286' title='bbox 506 2302 646 2350; x_wconf 86' lang='lat' dir='ltr'>iniret,</span> <span class='ocrx_word' id='word_1_287' title='bbox 681 2306 727 2341; x_wconf 87' lang='lat' dir='ltr'>ut</span> <span class='ocrx_word' id='word_1_288' title='bbox 761 2302 895 2354; x_wconf 88' lang='lat' dir='ltr'>potius</span> <span class='ocrx_word' id='word_1_289' title='bbox 930 2303 965 2341; x_wconf 91' lang='lat' dir='ltr'>is</span> <span class='ocrx_word' id='word_1_290' title='bbox 993 2303 1074 2344; x_wconf 84' lang='lat' dir='ltr'>hoc</span> <span class='ocrx_word' id='word_1_291' title='bbox 1101 2305 1340 2346; x_wconf 87' lang='lat' dir='ltr'>adulationis</span> <span class='ocrx_word' id='word_1_292' title='bbox 1369 2320 1523 2359; x_wconf 77' lang='lat' dir='ltr'>genere</span> 
     </span>
    </p>
   </div>
   <div class='ocr_carea' id='block_1_6' title="bbox 142 2358 1524 2412">
    <p class='ocr_par' dir='ltr' id='par_1_9' title="bbox 142 2358 1524 2412">
     <span class='ocr_line' id='line_1_38' title="bbox 142 2358 1524 2412; baseline 0.005 -14"><span class='ocrx_word' id='word_1_293' title='bbox 142 2371 189 2398; x_wconf 82' lang='lat' dir='ltr'>se</span> <span class='ocrx_word' id='word_1_294' title='bbox 226 2358 423 2398; x_wconf 81' lang='lat' dir='ltr'>offensum</span> <span class='ocrx_word' id='word_1_295' title='bbox 462 2363 668 2412; x_wconf 88' lang='lat' dir='ltr'>putasset,</span> <span class='ocrx_word' id='word_1_296' title='bbox 713 2359 875 2397; x_wconf 83' lang='lat' dir='ltr'>maioris</span> <span class='ocrx_word' id='word_1_297' title='bbox 922 2372 1020 2400; x_wconf 86' lang='lat' dir='ltr'>sane</span> <span class='ocrx_word' id='word_1_298' title='bbox 1056 2360 1272 2403; x_wconf 84' lang='lat' dir='ltr'>aestimans</span> <span class='ocrx_word' id='word_1_299' title='bbox 1311 2377 1379 2404; x_wconf 90' lang='lat' dir='ltr'>res</span> <span class='ocrx_word' id='word_1_300' title='bbox 1416 2378 1441 2404; x_wconf 89' lang='lat' dir='ltr'>a</span> <span class='ocrx_word' id='word_1_301' title='bbox 1476 2378 1524 2406; x_wconf 86' lang='lat' dir='ltr'>se</span> 
     </span>
    </p>
   </div>
   <div class='ocr_carea' id='block_1_7' title="bbox 142 2415 1525 2527">
    <p class='ocr_par' dir='ltr' id='par_1_10' title="bbox 142 2415 1525 2527">
     <span class='ocr_line' id='line_1_39' title="bbox 143 2415 1525 2471; baseline 0.006 -18"><span class='ocrx_word' id='word_1_302' title='bbox 143 2420 302 2466; x_wconf 78' lang='lat' dir='ltr'>gestas,</span> <span class='ocrx_word' id='word_1_303' title='bbox 346 2428 464 2467; x_wconf 89' lang='lat' dir='ltr'>quam</span> <span class='ocrx_word' id='word_1_304' title='bbox 501 2415 642 2466; x_wconf 89' lang='lat' dir='ltr'>quibus</span> <span class='ocrx_word' id='word_1_305' title='bbox 688 2415 740 2454; x_wconf 83' lang='lat' dir='ltr'>ad</span> <span class='ocrx_word' id='word_1_306' title='bbox 777 2415 939 2455; x_wconf 88' lang='lat' dir='ltr'>laudem</span> <span class='ocrx_word' id='word_1_307' title='bbox 977 2417 1110 2469; x_wconf 90' lang='lat' dir='ltr'>aliqua</span> <span class='ocrx_word' id='word_1_308' title='bbox 1146 2419 1378 2471; x_wconf 78' lang='lat' dir='ltr'>affingenda</span> <span class='ocrx_word' id='word_1_309' title='bbox 1411 2421 1525 2462; x_wconf 76' lang='lat' dir='ltr'>vido-</span> 
     </span>
     <span class='ocr_line' id='line_1_40' title="bbox 142 2469 1524 2527; baseline 0.007 -17"><span class='ocrx_word' id='word_1_310' title='bbox 142 2475 294 2511; x_wconf 87' lang='lat' dir='ltr'>rentur.</span> <span class='ocrx_word' id='word_1_311' title='bbox 321 2469 389 2527; x_wconf 87' lang='lat'>**)</span> <span class='ocrx_word' id='word_1_312' title='bbox 447 2471 540 2512; x_wconf 90' lang='lat' dir='ltr'>lllas</span> <span class='ocrx_word' id='word_1_313' title='bbox 565 2477 700 2512; x_wconf 89' lang='lat' dir='ltr'>tamen</span> <span class='ocrx_word' id='word_1_314' title='bbox 738 2472 872 2512; x_wconf 86' lang='lat' dir='ltr'>nimiis</span> <span class='ocrx_word' id='word_1_315' title='bbox 900 2473 1085 2516; x_wconf 83' lang='lat' dir='ltr'>laudibus</span> <span class='ocrx_word' id='word_1_316' title='bbox 1115 2477 1277 2526; x_wconf 81' lang='lat' dir='ltr'>extolli,</span> <span class='ocrx_word' id='word_1_317' title='bbox 1314 2491 1381 2519; x_wconf 83' lang='lat' dir='ltr'>res</span> <span class='ocrx_word' id='word_1_318' title='bbox 1417 2479 1524 2520; x_wconf 82' lang='lat' dir='ltr'>bene</span> 
     </span>
    </p>
   </div>
   <div class='ocr_carea' id='block_1_8' title="bbox 144 2574 417 2589">
    <p class='ocr_par' dir='ltr' id='par_1_11' title="bbox 144 2574 417 2589">
     <span class='ocr_line' id='line_1_41' title="bbox 144 2574 417 2589; baseline 0 0"><span class='ocrx_word' id='word_1_319' title='bbox 144 2574 417 2589; x_wconf 95' lang='lat' dir='ltr'> </span> 
     </span>
    </p>
   </div>
   <div class='ocr_carea' id='block_1_9' title="bbox 237 2638 700 2693">
    <p class='ocr_par' dir='ltr' id='par_1_12' title="bbox 237 2638 700 2693">
     <span class='ocr_line' id='line_1_42' title="bbox 237 2638 700 2693; baseline 0.006 -20"><span class='ocrx_word' id='word_1_320' title='bbox 237 2639 275 2682; x_wconf 72' lang='lat'>⁸)</span> <span class='ocrx_word' id='word_1_321' title='bbox 296 2638 391 2674; x_wconf 56' lang='lat' dir='ltr'>sua</span> <span class='ocrx_word' id='word_1_322' title='bbox 408 2639 498 2675; x_wconf 69' lang='lat' dir='ltr'>zm.</span> <span class='ocrx_word' id='word_1_323' title='bbox 532 2651 626 2693; x_wconf 21' lang='lat' dir='ltr'>cap.-</span> <span class='ocrx_word' id='word_1_324' title='bbox 641 2641 700 2676; x_wconf 77' lang='lat'>18.</span> 
     </span>
    </p>
   </div>
   <div class='ocr_carea' id='block_1_10' title="bbox 148 2707 1535 2847">
    <p class='ocr_par' dir='ltr' id='par_1_13' title="bbox 148 2707 1535 2847">
     <span class='ocr_line' id='line_1_43' title="bbox 237 2707 1529 2757; baseline 0.009 -16"><span class='ocrx_word' id='word_1_325' title='bbox 237 2708 295 2751; x_wconf 68' lang='grc' dir='ltr'>’Ἴ</span> <span class='ocrx_word' id='word_1_326' title='bbox 318 2707 526 2752; x_wconf 80' lang='lat' dir='ltr'>Exemplum</span> <span class='ocrx_word' id='word_1_327' title='bbox 547 2709 787 2744; x_wconf 74' lang='lat' dir='ltr'>subministrat</span> <span class='ocrx_word' id='word_1_328' title='bbox 808 2710 897 2746; x_wconf 85' lang='lat' dir='ltr'>Tac.</span> <span class='ocrx_word' id='word_1_329' title='bbox 912 2711 1000 2746; x_wconf 75' lang='lat' dir='ltr'><strong>Anu.</strong></span> <span class='ocrx_word' id='word_1_330' title='bbox 1032 2711 1095 2746; x_wconf 89' lang='lat' dir='ltr'>m.</span> <span class='ocrx_word' id='word_1_331' title='bbox 1114 2711 1172 2747; x_wconf 71' lang='lat'>4⁷.</span> <span class='ocrx_word' id='word_1_332' title='bbox 1196 2713 1337 2757; x_wconf 81' lang='lat' dir='ltr'>„Solus</span> <span class='ocrx_word' id='word_1_333' title='bbox 1359 2714 1529 2751; x_wconf 75' lang='lat' dir='ltr'>Dolabel-</span> 
     </span>
     <span class='ocr_line' id='line_1_44' title="bbox 148 2752 1535 2847; baseline 0.01 -61"><span class='ocrx_word' id='word_1_334' title='bbox 148 2753 184 2787; x_wconf 76' lang='lat' dir='ltr'>la</span> <span class='ocrx_word' id='word_1_335' title='bbox 206 2752 406 2795; x_wconf 69' lang='lat' dir='ltr'>cornelius,</span> <span class='ocrx_word' id='word_1_336' title='bbox 427 2755 512 2789; x_wconf 83' lang='lat' dir='ltr'>dmu</span> <span class='ocrx_word' id='word_1_337' title='bbox 541 2756 676 2791; x_wconf 77' lang='lat' dir='ltr'>anteire</span> <span class='ocrx_word' id='word_1_338' title='bbox 705 2761 840 2792; x_wconf 69' lang='lat' dir='ltr'>eeteros</span> <span class='ocrx_word' id='word_1_339' title='bbox 868 2761 989 2801; x_wconf 73' lang='lat' dir='ltr'>parat,</span> <span class='ocrx_word' id='word_1_340' title='bbox 1011 2758 1267 2847; x_wconf 51' lang='grc' dir='ltr'>ὼιιιᾱιῗὲιι</span> <span class='ocrx_word' id='word_1_341' title='bbox 1298 2762 1535 2801; x_wconf 74' lang='lat' dir='ltr'>adulationem</span> 
     </span>
    </p>
   </div>
  </div>
 </body>
</html>
