1728 3054
251 235 311 279 74
553 231 603 275 C.
630 230 908 275 VELLEII
944 229 1334 276 PATERcUm

253 349 415 406 dueeS,
462 360 567 392 eum
599 346 797 392 familiae
830 348 924 393 eius
958 348 1179 394 claritudo
1219 349 1461 395 intermissa
1494 355 1622 407 esset,

252 416 331 460 diu
364 416 426 459 ita
459 430 507 460 se
536 416 695 476 gessit,
728 422 777 461 ut
810 417 980 462 nullam
1014 417 1199 478 petendi
1232 419 1505 465 consulatum
1538 434 1621 467 co-

209 494 239 535 3
253 485 519 546 gitationem
558 483 731 530 habere
773 485 1009 532 videretur.
1077 486 1252 532 Deinde
1294 494 1398 547 post
1440 494 1623 547 praetu-

250 569 349 598 ram
381 551 633 599 inlustratus
666 555 792 600 bello
826 555 984 601 Italico
1002 589 1015 613 ,
1059 562 1106 600 et
1147 562 1247 601 ante
1290 556 1335 600 in
1370 556 1520 602 Gallia
1552 557 1621 602 le-

248 622 435 683 gatione
476 624 557 667 sub
591 623 766 679 Mario,
812 639 902 683 qua
947 625 1307 670 eminentissimos
1353 625 1491 671 duces
1532 624 1623 669 ho-

247 692 377 736 stium
396 691 601 748 fuderat,
641 707 696 737 ex
729 707 931 739 successu
951 695 1144 738 animum
1164 695 1342 748 sumsit;
1375 687 1623 754 petensque

248 760 556 817 consulatum,
601 775 719 820 pene
763 763 959 808 omnium
1013 763 1175 809 civium
1220 763 1443 824 suffragiis
1477 763 1621 808 factus

247 834 326 873 est.
395 830 490 876 Sed
533 845 636 874 eum
676 830 901 876 honorem
942 832 1434 894 undequinquagesimo
1468 832 1622 878 aetatis

245 913 351 944 suae
383 914 498 943 anno
533 899 767 944 adsecutus
802 906 879 944 est.

381 967 515 1013 CAP.
535 968 703 1013 XVIII.
739 970 828 1013 Per
862 983 916 1013 ea
946 972 1154 1028 tempora
1177 967 1477 1023 Mithridates,
1494 968 1620 1012 Pon-

241 1034 354 1081 tiens
386 1052 490 1094 rex,
535 1038 604 1081 vir
637 1052 783 1096 neque
818 1037 1034 1095 silendus,
1089 1052 1236 1095 neque
1279 1030 1493 1083 dicendus
1528 1037 1620 1092 sine

243 1119 373 1161 cura,
426 1106 550 1151 bello
595 1108 857 1163 acerrimus,
907 1107 1069 1150 virtute
1113 1106 1320 1160 eximius,
1377 1105 1619 1165 aliquando

239 1174 441 1232 fortuna,
477 1190 656 1235 semper
690 1176 837 1221 animo
872 1176 1112 1230 maximus,
1148 1175 1339 1220 consiliis
1373 1174 1488 1230 dux,
1531 1175 1618 1218 mi-

238 1242 306 1288 les
349 1259 510 1301 manu,
572 1243 680 1288 odio
726 1245 772 1289 in
814 1247 1046 1291 Romanos
1087 1244 1340 1301 Hannibal,
1396 1249 1619 1304 occupata

960 1387 1047 1410 eura
1078 1375 1272 1410 dicendum.
1328 1375 1419 1411 Vide
1443 1375 1537 1411 Cort.
1570 1376 1616 1411 ad

285 1377 319 1419 §-
339 1375 375 1410 2.
405 1375 651 1421 cogitationem
674 1377 814 1411 habere.
836 1376 895 1411 Si-

961 1422 1106 1457 Sallust.
1128 1423 1272 1467 Fragm.
1288 1432 1374 1466 pag.
1397 1421 1500 1457 1010.

237 1432 321 1467 gon.
334 1423 427 1457 Fast.
441 1423 485 1456 ad
508 1433 541 1456 a.
560 1422 641 1458 665.
663 1423 757 1457 hunc
775 1424 894 1457 locum

238 1468 405 1511 laudans,
423 1468 544 1503 scribit
564 1471 734 1503 rationem
753 1470 893 1514 habere,

236 1514 430 1549 memoriae
448 1515 571 1558 lapsu,
593 1520 631 1550 ut
649 1517 784 1560 opinor.
809 1516 894 1550 Cer-

236 1564 275 1595 te
295 1561 387 1595 nihil
418 1562 634 1598 mutandum.
666 1563 739 1596 Cic.
766 1563 892 1597 Parad.

236 1607 264 1642 I.
286 1607 321 1641 3.
350 1609 488 1651 Quaero
509 1620 532 1642 a
557 1610 662 1650 vobis,
684 1621 767 1643 num
784 1610 893 1643 ullam

234 1655 482 1699 cogitationem
515 1655 674 1689 habuisse
708 1657 894 1691 videantur

235 1700 274 1741 ii,
300 1702 360 1745 qui
382 1702 471 1735 hanc
494 1713 602 1746 remp.
619 1706 693 1735 tam
708 1703 892 1747 praeclare

229 1748 424 1791 fundatam
455 1748 549 1781 nobis
573 1748 804 1793 reliquerunt,
829 1753 891 1784 aut

235 1795 380 1837 argenti
402 1794 449 1827 ad
481 1794 642 1835 divitias,
684 1800 747 1829 aut
777 1806 893 1829 amoe-

232 1839 385 1873 nitatum
418 1840 467 1873 ad
502 1841 775 1875 delectationem.
831 1841 894 1875 Sic

232 1885 298 1919 ille
339 1885 440 1919 Iocus
481 1886 724 1931 corrigendus-
745 1887 891 1922 videtur.

232 1931 350 1976 Vulgo
384 1931 500 1966 editur
534 1933 635 1966 nullo
665 1944 785 1967 sensu:
827 1938 892 1968 aut

232 1978 377 2022 argenti
406 1978 455 2012 ad
495 1979 696 2013 avaritiam.
725 1979 890 2023 Quinctil.

230 2023 310 2058 ΧΠ.
334 2025 390 2058 11.
414 2035 494 2068 pag.
513 2024 593 2059 639.
620 2026 660 2059 Si
683 2025 774 2059 hanc
793 2026 890 2071 cogi-

228 2071 398 2106 tationem
428 2071 582 2105 homines
611 2071 827 2115 habuissent,
849 2076 890 2106 ut

231 2128 329 2151 nemo
361 2129 398 2151 se
423 2118 597 2152 meliorem
621 2120 703 2161 sore
734 2130 792 2161 eo,
829 2119 890 2163 qui

230 2165 378 2209 optimus
393 2164 543 2208 suisset,
565 2164 806 2198 arbitraretur.

278 2212 312 2252 §.
335 2209 370 2246 3.
410 2222 480 2254 qua
512 2211 802 2245 eminentissimos.
833 2211 888 2245 lta

232 2255 358 2290 Editor
390 2256 502 2293 Basil.
548 2256 699 2301 scripsit.
729 2257 796 2292 Ed.
831 2269 887 2302 pr.

227 2314 320 2348 quae
342 2303 633 2338 eminentissimos.

275 2361 316 2383 ex
354 2361 511 2383 successu
550 2350 705 2383 animum
753 2349 885 2383 sumsit.

227 2395 282 2429 Ex
305 2395 405 2441 Virg.
428 2397 513 2430 Aen.
536 2396 581 2430 V.
605 2396 686 2430 210.
709 2407 885 2430 successu-

227 2453 293 2486 que
317 2443 430 2476 acrior
453 2443 538 2487 ipso.
564 2443 616 2476 Ex
638 2442 728 2476 Am).

275 2499 374 2533 CAP.
399 2500 527 2535 XVIII.
567 2501 600 2543 §.
624 2500 657 2534 1.
699 2510 807 2544 neque
829 2500 885 2534 di-

226 2546 353 2580 cendus
375 2547 448 2581 sine
472 2558 567 2581 cura.
603 2547 704 2580 Hanc
735 2546 886 2580 locutio-

225 2603 306 2626 nem
335 2593 443 2627 habet
472 2604 494 2627 a
527 2593 671 2628 Sallust.
695 2592 789 2636 apud
819 2592 885 2626 Se·-

223 2649 296 2671 nee.
322 2638 365 2671 de
387 2639 509 2673 Benef.
542 2639 599 2675 IV.
626 2640 660 2674 1.
696 2640 752 2672 Ex
775 2640 886 2673 omni·
913 2662 917 2665 -

224 2684 287 2718 bus
309 2697 398 2730 quae
421 2686 667 2728 tractavimus,
694 2690 807 2731 potest
830 2686 885 2719 vi-

223 2731 301 2764 deri
321 2732 410 2765 nihil
430 2737 505 2766 tam
534 2734 782 2775 necessarium,
819 2736 884 2766 aut

223 2778 365 2823 magis,
395 2782 437 2813 ut
469 2779 523 2814 ait
553 2779 763 2832 Sallustius,
784 2788 882 2813 'cum

1006 1469 1155 1502 consiliis
1172 1469 1251 1511 dux,
1274 1470 1371 1502 miles
1394 1480 1512 1502 manu.
1535 1467 1617 1503 Sal-

958 1515 1042 1550 lust.
1080 1514 1180 1549 Catil.
1214 1515 1272 1550 60.
1314 1514 1446 1549 strenui
1484 1515 1616 1558 militis,

961 1567 996 1596 et
1019 1562 1097 1594 boni
1118 1562 1335 1606 imperatoris
1366 1561 1481 1604 officia
1515 1562 1617 1596 simul

959 1608 1215 1652 exsequebatur.
1249 1608 1311 1642 ubi
1343 1608 1455 1642 multa
1487 1607 1616 1643 similia

959 1654 1103 1699 collegit
1143 1654 1292 1688 Cottius.
1333 1654 1386 1688 Ad
1420 1655 1615 1699 elegantem

956 1701 1080 1735 velleii
1107 1700 1316 1735 brevitatem
1338 1700 1494 1744 proxime
1516 1711 1616 1735 aece-

958 1747 1009 1781 dit
1032 1748 1154 1781 Pacat.
1178 1747 1309 1792 Paneg.
1343 1747 1399 1781 10.
1432 1748 1501 1781 ἀτη·
1534 1759 1614 1782 con-

957 1794 1034 1828 silio
1058 1805 1152 1836 esse,
1175 1794 1271 1828 miles
1295 1794 1457 1839 exemplo.

1003 1851 1082 1885 odio
1123 1852 1159 1885 in
1204 1852 1379 1885 Romanos
1419 1851 1611 1885 Hannibal.

956 1897 1068 1941 Saepe
1090 1903 1223 1931 veteres
1244 1897 1453 1931 Hannibalis
1473 1898 1613 1932 nomine

956 1944 1014 1976 vel
1049 1943 1230 1977 inimicum
1277 1945 1317 1978 P.
1351 1945 1396 1977 R.
1452 1944 1510 1977 vel
1555 1944 1611 1977 in-

954 1989 1089 2034 signem
1111 1990 1335 2031 bellatorem,
1368 1989 1425 2023 vel
1447 1989 1612 2024 callidum

954 2035 1133 2070 hominem
1163 2036 1373 2081 significant.
1408 2036 1479 2070 Cic.
1512 2037 1611 2073 Verr.

954 2082 995 2117 V.
1019 2082 1076 2118 12.
1100 2083 1169 2116 Iste
1193 2088 1309 2116 autem
1331 2083 1530 2125 Hannibal,
1552 2084 1612 2128 qui

953 2128 992 2162 in
1035 2129 1106 2162 suis
1143 2129 1267 2163 castris
1306 2129 1432 2163 virtute
1468 2133 1610 2174 putaret

956 2180 1134 2218 oportere,
1182 2187 1251 2209 non
1295 2186 1425 2220 genere
1469 2177 1608 2211 certari.

953 2221 1049 2256 Phil.
1073 2221 1164 2255 XIII.
1185 2222 1239 2256 11.
1267 2233 1366 2268 quem
1388 2222 1441 2256 ita
1463 2222 1607 2266 obsides,

954 2278 1041 2301 nove
1066 2269 1265 2311 Hannibal,
1289 2273 1352 2302 aut
1373 2269 1404 2302 si
1426 2269 1501 2312 quis
1523 2280 1607 2302 acu·-

953 2314 1021 2348 τίοι·
1062 2315 1251 2359 imperator
1281 2315 1377 2357 fuit,
1407 2319 1446 2348 ut
1477 2319 1511 2347 te
1534 2315 1608 2359 ipse

952 2361 1118 2394 obsideas.
1152 2361 1206 2394 Ex
1229 2371 1297 2404 quo
1320 2361 1397 2394 Ioco
1419 2360 1608 2394 emendan-

951 2406 1014 2440 dus
1038 2410 1090 2441 est
1111 2407 1250 2440 Petron.
1282 2417 1358 2450 cap.
1390 2406 1472 2441 101.
1509 2407 1608 2450 Quae

950 2458 1068 2487 autem
1104 2453 1159 2487 hic
1207 2453 1356 2486 insidiae
1394 2452 1503 2487 sunt?
1545 2458 1607 2488 aut

951 2500 1027 2544 quis
1065 2499 1161 2533 nobis
1205 2499 1386 2533 Hannibal
1427 2500 1607 2544 navigat?

949 2545 1011 2579 ubi
1034 2545 1235 2580 Bur-manno
1263 2544 1380 2587 nobis,
1412 2546 1503 2590 quod
1535 2546 1606 2580 ele»

949 2602 1037 2637 gans
1060 2603 1133 2626 esse
1156 2595 1276 2635 putat,
1313 2592 1460 2626 libenter
1482 2591 1605 2626 remit-

948 2638 1075 2680 timus,
1114 2638 1370 2683 Iegendumque
1409 2649 1605 2672 censemus:

948 2689 1011 2719 aut
1042 2685 1117 2729 quis
1149 2696 1256 2718 novus
1287 2684 1469 2719 Hannibal
1502 2685 1606 2718 navi-

947 2729 1040 2776 gat?
1074 2731 1136 2765 Sic
1164 2731 1244 2766 Liv.
1275 2732 1386 2766 xxu.
1410 2730 1467 2766 14.
1498 2741 1607 2765 novus

951 2777 1126 2815 Camillus.
1180 2777 1273 2823 quod
1319 2778 1366 2814 ab
1397 2788 1440 2813 eo
1479 2775 1607 2813 sumsit
