1728 3054
431 184 929 229 ΟΟΜΜΕΝΤΔΤΙΟ
975 185 1248 228 ῦΒΙΤΙῦΔ
1385 185 1547 226 ’σΙιΧΠΙ

273 301 459 341 11.124.
526 298 620 339 Una
649 320 704 329 —·
732 297 867 339 veluti
897 299 1074 339 luctatio
1108 298 1291 339 &matis
1318 290 1527 351 fuitffm

159 358 329 410 gnantis
357 369 449 396 cum
479 354 662 394 Caesare
686 361 858 395 senatus
877 356 1111 408 populique
1139 355 1349 404 Romam,
1378 359 1429 392 ut
1457 359 1545 394 sta-

161 413 271 452 tioni
289 417 499 465 paternae
528 409 803 461 succederet.-
829 410 966 462 illius,
995 417 1044 450 ut
1067 412 1216 464 potius
1241 423 1296 450 ae
1484 411 1546 450 ci-

161 482 274 519 vem,
315 481 438 521 quam
474 458 721 506 eminentem
759 466 911 505 liceret
960 479 1093 520 agere
1114 466 1361 520 principem.
1433 463 1544 504 Tan-

163 524 260 564 dem
285 525 424 576 magis
449 523 639 569 ratione
666 534 796 576 quam
817 521 976 561 honore
1001 523 1137 562 victus
1162 527 1252 562 est.-
1281 534 1399 571 curn,
1428 522 1545 574 quic-

162 579 266 634 quid
288 576 490 620 tuendum
510 590 599 616 uon
624 578 898 630 suscepisset,
921 579 1162 630 periturum
1192 575 1546 618 videret-5011·

163 650 277 691 que
267 636 362 676 huic
401 635 602 686 contigit,
642 645 784 685 paene
819 632 985 672 diutius
1019 646 1222 682 accusare
1245 627 1545 686 Jn-incspkumn,

163 705 307 746 quom,
333 695 382 730 ut
413 693 667 742 occuparent
693 701 807 737 eum,
837 689 918 728 alii
940 691 1077 729 armis
1099 695 1411 743 pugnaverant.
1466 689 1544 729 Su-

161 749 285 787 mitur
330 758 406 799 pro
442 758 538 784 vera
585 744 742 784 Tiberii
790 745 1015 797 sententia,
1063 758 1168 796 quae
1217 750 1307 785 erat
1342 744 1542 786 simulata.

161 804 264 844 Nam
297 802 522 842 rectissime
559 801 776 842 Suetonius
810 800 903 841 Tib.
936 804 1006 844 24.
1044 799 1103 840 1²1
1105 802 1359 855 aucupatum,
1400 814 1544 855 quam-

159 860 223 900 vis
249 867 386 912 neque
422 870 628 911 occupare
659 858 903 910 confestim,
947 871 1084 911 neque
1122 870 1252 910 agere
1294 856 1545 908 dubitasset,

161 921 203 956 et
230 916 409 955 statione
447 915 643 961 militum,
679 913 760 954 hoc
787 919 876 964 est,
913 915 958 954 vi
982 920 1024 954 et
1053 915 1194 967 specie
1226 912 1540 964 dominationis,

159 977 359 1019 asstcmta,
376 970 450 1010 diu
468 976 607 1010 tamen
625 972 837 1011 recusavit
864 970 1224 1025 impudentissimo
1254 970 1394 1010 mimo.
1422 969 1540 1012 Conf.
1568 1000 1571 1001 ν

159 1027 257 1069 Tac.
286 1029 388 1068 Anu.
417 1028 448 1066 1.
478 1031 546 1070 11.
578 1030 646 1068 12.
704 1026 767 1066 De
793 1040 935 1067 caussa
962 1028 1224 1067 recusationis
1259 1027 1338 1065 vid.
1367 1026 1542 1068 eundem

165 1083 196 1124 1.
226 1088 266 1127 ἵ.
297 1085 463 1125 Sueten.
494 1083 582 1124 Tib.
616 1085 685 1126 25.
713 1083 828 1125 Dion.
858 1083 971 1124 cass.
1000 1083 1124 1125 Lvlt.
1150 1086 1190 1125 2.
1213 1085 1254 1125 3.

270 1167 456 1207 Primum
475 1167 771 1220 principalium
800 1169 893 1208 eius
915 1179 1087 1221 operum
1108 1167 1202 1220 fuit
1232 1165 1451 1206 ordinatio
1474 1178 1543 1205 co-

160 1225 373 1266 mitiorum
384 1239 403 1272 ;
444 1236 568 1277 quam
594 1236 722 1263 manu
755 1237 834 1263 sua
863 1226 1066 1278 scriptam
1104 1224 1159 1263 D.
1190 1223 1416 1276 Augustus
1440 1223 1542 1262 reli-

161 1286 321 1336 querat,
386 1279 477 1320 Non
506 1284 662 1319 constat
691 1293 743 1320 ex
770 1282 918 1321 ceteris
955 1281 1239 1333 scriptoribus,
1277 1284 1412 1319 utrum
1459 1280 1543 1318 Au-

161 1340 301 1390 gustus
346 1337 555 1376 decretum
596 1336 829 1388 reliquerit,
884 1342 930 1377 ut
979 1338 1042 1376 ius
1089 1337 1344 1376 comitiorum
1393 1334 1542 1387 populo

161 1394 363 1433 ademtum
393 1393 560 1432 Senatui
586 1393 877 1443 vindicaretur,
917 1406 969 1433 an
997 1393 1034 1432 T
1036 1394 1187 1432 iberius
1217 1396 1363 1444 sponte
1398 1392 1543 1431 decre-

162 1450 277 1489 verit.
338 1449 426 1489 Nec
454 1449 561 1500 apud
592 1448 788 1501 Lipsium,
818 1450 887 1501 qui
914 1450 1099 1489 Excursu
1127 1449 1177 1489 E.
1206 1449 1259 1487 ad
1286 1448 1429 1489 Annal.
1457 1447 1542 1486 Ta-

163 1506 235 1545 citi
268 1505 340 1545 lib.
380 1505 411 1545 1.
450 1505 615 1545 brevem
652 1506 904 1546 comitiorum
944 1507 1020 1545 sub
1060 1505 1300 1545 Caesaribus
1331 1504 1542 1548 historiam

163 1562 299 1610 dedit,
344 1561 422 1600 hac
460 1562 513 1600 de
548 1574 596 1601 re
634 1562 861 1614 quidquam.
919 1563 1101 1602 Alterum
1132 1562 1295 1613 quidem
1322 1573 1398 1614 pro
1427 1564 1542 1599 certo

163 1619 285 1658 affert
312 1616 508 1658 Velleius.
537 1618 602 1656 Ex
630 1631 710 1669 quo
739 1625 874 1658 tamen
901 1618 1003 1658 nihil
1030 1618 1201 1670 amplius
1230 1617 1393 1670 probari
1420 1628 1543 1669 posse

163 1680 287 1727 puto,
325 1687 444 1726 quam
474 1673 684 1714 Tiberium
720 1675 883 1726 quidem
911 1675 1163 1727 prodidisse,
1207 1674 1390 1713 ordinem
1418 1673 1542 1713 comi-

163 1731 332 1780 tiorum,
385 1731 556 1782 Augusti
593 1732 786 1783 scriptum
834 1744 977 1779 mann,
1025 1731 1154 1770 fuisse
1190 1731 1388 1770 relictum.
1445 1727 1544 1784 (Cf.

164 1800 267 1840 qnae
304 1787 477 1826 diximus
506 1786 557 1825 ad
595 1787 646 1827 Π.
676 1785 767 1842 99.)
825 1787 1016 1826 Ceterum
1045 1791 1186 1826 notatu
1209 1798 1295 1825 uon
1321 1785 1542 1837 indignum,

163 1856 283 1896 quam
320 1848 438 1882 caute
475 1843 651 1894 Noster,
697 1856 853 1882 summa
901 1843 1097 1883 brevitate
1146 1843 1423 1894 gravissimam
1454 1854 1543 1880 rem

163 1899 419 1953 complexus,
457 1899 614 1938 duobus
655 1900 789 1939 verbis
834 1899 1120 1950 defungatur:
1149 1899 1304 1951 ingenti
1350 1898 1543 1950 reipubli-

163 1969 235 1996 cae
259 1957 479 1995 mutatione
506 1957 571 1995 vix
599 1956 833 2006 significata.
891 1956 1043 2009 Aperte
1072 1955 1237 1996 Tacitus
1275 1957 1376 1996 Anu.
1407 1956 1439 1994 l.
1470 1956 1540 1996 15.

168 2012 272 2053 Tum
294 2014 475 2065 primum
501 2025 525 2051 e
556 2025 699 2066 campo
736 2012 906 2052 comitia
929 2012 993 2051 -ad
1026 2018 1174 2066 patres
1204 2011 1413 2051 translata
1446 2015 1544 2050 sunt

164 2075 241 2108 etc.
280 2070 467 2108 Ceterum
499 2068 552 2107 de
580 2070 885 2120 magistratuum
918 2071 1184 2108 creandorum
1220 2073 1262 2108 et
1288 2067 1543 2107 comitiorum
1596 2069 1601 2073 “

163 2126 319 2165 ratione
357 2126 432 2164 sub
472 2125 641 2167 Tiberio
682 2126 789 2166 conf.
826 2126 942 2167 Dion.
982 2127 1096 2166 Cass.
1126 2125 1268 2166 Lvlu.
1297 2127 1365 2167 20.
1402 2124 1542 2175 ibique

164 2181 410 2223 Reimarum.
983 2196 988 2202 ·

274 2264 326 2305 11.
356 2267 453 2307 125.
507 2265 788 2306 Narratiouem
830 2265 1039 2306 seditionis
1076 2266 1247 2306 militnm
1292 2265 1334 2304 in
1374 2262 1544 2303 Germa-

164 2323 233 2362 nia
261 2328 303 2362 et
332 2322 375 2362 in
402 2322 562 2375 illyrico
589 2328 754 2362 exortae
781 2327 943 2362 versuta
971 2324 1195 2363 sententiae
1223 2320 1545 2362 conformatione

164 2379 327 2431 incipit:
390 2365 504 2420 Tulit
530 2382 747 2433 prutina-e,
783 2380 935 2431 inquit,
964 2385 1010 2418 ut
1038 2381 1147 2428 voti,
1187 2379 1248 2418 ita
1278 2376 1440 2418 consilii
1475 2377 1545 2416 sui

85 2451 94 2463 ·
161 2435 344 2488 pretium
369 2435 627 2489 respublica;
664 2449 799 2489 neque
833 2435 907 2475 diu
936 2436 1082 2486 latuit,
1121 2441 1194 2476 aut
1230 2433 1332 2488 quid
1358 2446 1442 2472 mm
1467 2433 1544 2472 im'-

163 2490 389 2557 penando
395 2494 571 2547 passuri
592 2493 850 2544 fuissemus,
878 2498 950 2532 aut
988 2492 1089 2547 quid
1118 2488 1379 2546 impetrando
1403 2490 1545 2547 prose-

169 2547 379 2587 cissemus.
439 2549 600 2602 Quippe
635 2551 847 2590 exercitus
879 2554 958 2590 etc.
1027 2552 1081 2590 At
1121 2562 1201 2587 non
1247 2546 1376 2587 solum
1419 2557 1545 2586 novus

169 2603 381 2655 princeps,
415 2605 489 2644 sed
516 2606 637 2645 etiam
670 2619 794 2646 novus
826 2607 1014 2672 princeps
1057 2606 1271 2652 Tiberius,
1302 2603 1546 2642 excitaverat

169 2659 420 2702 seditionem.
488 2662 704 2703 Exercitus
743 2664 874 2710 enim,
922 2663 987 2702 cui
1033 2662 1296 2701 Germanicus
1343 2663 1544 2712 praeerat,

169 2727 325 2758 summa
350 2717 391 2757 vi
416 2718 560 2760 ducem
588 2732 706 2763 suum
733 2720 787 2761 ad
816 2720 1105 2774 capessendam
1132 2716 1417 2771 rempublicam
1447 2728 1544 2768 per-
