1728 3054
250 169 336 211 222

251 281 299 326 in
343 278 629 325 matrimonio
668 277 917 325 Marcellus
962 277 1209 338 habuerat,

557 165 606 207 C.
642 163 926 207 VELLEII
969 160 1358 211 PATERG'ULI

1265 280 1391 329 duxit
1429 297 1630 339 uxorem,

251 349 501 394 foeminam
535 352 683 405 neque
718 347 823 403 sibi,
857 362 1005 407 neque
1041 350 1156 409 reip.
1182 348 1328 396 felicis
1355 351 1482 399 uteri.

389 415 525 461 CAP.
564 415 730 461 XCIV.
766 416 874 463 Hoc
902 414 1048 463 tractu
1074 423 1354 478 temporum,
1389 419 1462 464 Ti.
1492 419 1631 465 Clau·-

253 484 353 529 dius
383 486 534 540 Nero,
567 499 660 543 quo
694 485 852 543 trimo,
886 492 937 531 ut
973 487 1300 547 praediximus,
1335 487 1463 533 Livia
1500 488 1633 532 Drusi

255 552 492 612 Claudiani
540 553 659 609 filia,
714 553 1026 614 despondente
1065 557 1107 601 ei
1152 556 1358 611 Nerone,
1414 556 1489 602 cui
1530 563 1632 601 ante

211 628 393 682 2nupta
423 623 594 680 fuerat,
630 622 813 668 Caesari
842 630 1078 684 nupserat,
1111 624 1342 671 innutritus
1374 625 1633 671 coelestium

253 698 605 752 praeceptorum
637 690 895 752 disciplinis,
930 694 1099 739 iuvenis
1125 709 1308 754 genere,
1341 693 1504 750 forma,
1536 694 1632 740 cel-

253 761 445 806 situdine
476 761 705 819 corporiS,
741 763 923 822 optimis
961 763 1140 819 studiis,
1184 763 1471 822 maximoque
1499 762 1634 824 inge-

252 830 330 874 nio
358 830 736 886 instructissimus,
781 833 859 889 qui
899 832 1132 890 protinus,
1176 837 1366 890 quantus
1399 837 1487 890 est,
1527 847 1634 892 spe-

213 899 341 946 Rrari
372 904 607 959 potuerat,
642 899 832 958 visuque
865 901 1140 959 praetulerat
1171 901 1448 961 principem3
1490 916 1633 960 quae-

251 974 346 1014 stor
378 967 761 1014 undevicesimum
799 984 964 1014 anuum
1002 984 1167 1031 agens,
1211 984 1444 1030 capessere
1481 970 1634 1031 coepit

299 1089 400 1124 GAP.
423 1088 546 1124 XCIV.
579 1089 773 1135 §.1.'1'2·.
804 1090 914 1125 Clau-

252 1135 332 1171 dius
357 1136 463 1170 Nero.
487 1135 581 1172 Edit.
603 1147 657 1179 pr.
681 1137 781 1171 Titus
806 1138 915 1173 Clau-

252 1183 333 1217 dius
354 1182 460 1218 Nero.
482 1183 576 1227 quod
598 1182 692 1218 Edit.
708 1182 821 1218 Basil.
834 1194 914 1218 cor-

250 1228 353 1264 rexit.

298 1285 365 1319 quo
386 1272 508 1315 primo.
531 1274 631 1308 Male
652 1274 780 1308 Editor
801 1274 912 1310 Basil.

253 1319 414 1365 scripsit:
456 1330 523 1364 quo
554 1321 654 1364 prius
679 1327 776 1354 nato.
803 1322 915 1354 Recte

251 1367 364 1404 Aldus
388 1366 503 1410 Nepos
539 1376 583 1400 ex
612 1365 784 1411 scriptura
820 1366 914 1402 Edit.

250 1424 305 1458 pr.
333 1425 398 1458 quo
427 1412 559 1456 primo,
598 1423 669 1446 una
703 1413 806 1447 litera
830 1421 912 1446 mu-

252 1463 347 1499 tata,
371 1459 473 1493 fecit:
496 1470 562 1505 quo
582 1460 696 1494 trimo.
731 1459 826 1504 quod
855 1458 913 1493 edi

254 1517 434 1541 iussimus.

297 1551 527 1596 respondente
568 1549 714 1584 Nerone.
755 1549 914 1594 Exempl.

254 1602 329 1634 vet.
351 1598 491 1631 videtur
509 1596 661 1633 habere:
685 1598 914 1640 respondente

255 1645 289 1679 ei
316 1644 464 1679 Nerone.
489 1644 630 1678 Belum.
656 1642 780 1676 Editor
800 1643 912 1678 Basil.

253 1691 424 1725 correxit:
448 1690 681 1734 despondente
698 1690 849 1724 Nerone.
872 1692 915 1724 ut

253 1740 307 1772 est
334 1737 378 1770 ΙΙ.
415 1736 474 1771 19.
517 1737 597 1770 Hae
631 1735 736 1769 classi
771 1735 914 1777 Caesar,

254 1794 332 1818 cum
357 1783 478 1828 prius,
512 1782 743 1826 despondente
773 1782 806 1815 ei
838 1782 914 1816 Ne-

253 1841 356 1870 rone,
381 1830 437 1862 cui
462 1834 545 1863 ante
565 1833 676 1872 nupta
686 1831 825 1872 fuerat,
853 1828 914 1862 Li-

253 1877 350 1910 viam
389 1875 580 1918 auspicatis
611 1875 698 1918 reip.
731 1875 913 1917 ominibus,

253 1922 407 1957 duxisset
445 1933 524 1954 eam
552 1932 711 1961 uxorem,
752 1921 913 1965 Pompeio

254 1973 324 2002 ete.
360 1968 414 2000 Ex
444 1979 513 2011 quo
545 1967 622 2000 1000
655 1967 715 1999 hic
737 1967 914 2002 inculcata

249 2019 336 2060 puto
359 2014 490 2048 verba:
521 2013 754 2057 despondente
779 2015 811 2047 ei
839 2014 914 2047 Ne-

193 2073 195 2076 ⁴
251 2072 356 2103 rone,
406 2061 462 2093 eui
499 2065 580 2093 ante
622 2064 734 2103 nupta
773 2062 909 2104 fuerat

253 2108 363 2142 Forte
385 2106 494 2140 etiam
517 2106 646 2147 verba,
671 2106 776 2140 Drusi
806 2106 913 2140 Clau-

254 2154 354 2188 diani
369 2154 472 2196 filia,
498 2152 569 2186 hue
592 2151 792 2196 migrarunt
811 2164 852 2186 ex
870 2153 913 2187 11.

252 2199 313 2234 75.
351 2200 452 2241 Quae
478 2198 596 2232 omnia
630 2198 713 2241 quid
738 2203 809 2233 tam
833 2209 916 2242 par-

252 2256 302 2280 vo
333 2244 520 2279 intervallo
551 2250 709 2289 repetere
733 2246 921 2286 attinebat,-

251 2292 464 2337 praesertim
496 2291 577 2335 ipso
612 2291 743 2325 Velleio
775 2303 837 2326 nos
869 2271 915 2325 ad

253 2350 314 2380 ea,
346 2349 436 2381 quae
468 2349 575 2382 supra
606 2337 759 2380 dixerat,
791 2337 915 2373 remit·-

251 2384 372 2420 tente?

300 2433 333 2473 §-
350 2430 386 2464 2.
409 2431 568 2474 visusque
586 2431 795 2474 praetulerit
814 2431 915 2474 prin—

254 2477 375 2521 cipem.
408 2476 487 2511 Viri
521 2476 735 2516 doctissimi,
769 2476 915 2511 Ursinus

253 2524 299 2557 ad
330 2523 368 2557 h.
399 2523 423 2558 l.
457 2522 659 2557 Schefferus
688 2522 790 2556 Misc.
826 2523 912 2557 obn.

252 2568 316 2604 lx.
340 2579 423 2613 pag.
447 2568 527 2605 173.
559 2572 594 2603 et
618 2569 845 2613 Marklaudus
869 2570 914 2603 ad

252 2614 341 2649 Stat.
375 2614 463 2650 silv.
495 2615 555 2649 IV.
591 2615 624 2648 2.
657 2615 714 2649 54.
750 2615 912 2649 certatim

252 2660 457 2705 corrigunt.-
507 2662 651 2706 visuque
691 2663 913 2706 praetulerat

249 2708 453 2754 principem.
512 2708 707 2754 probatque
745 2708 912 2753 Heinsius

981 1088 1027 1124 ad
1057 1087 1323 1125 11.116.Nec
1353 1100 1419 1125 nos
1450 1090 1502 1125 ita
1531 1090 1634 1125 edere

980 1134 1217 1170 dubitavimus
1239 1146 1302 1180 pro
1325 1136 1416 1171 Edit.
1440 1149 1491 1180 pr.
1514 1137 1634 1171 lectio-

978 1193 1041 1216 ne:
1082 1182 1242 1227 visusque
1265 1183 1483 1227 praetulerit
1502 1184 1630 1228 princi-

975 1239 1067 1273 pem.
1118 1229 1217 1262 visus
1255 1240 1360 1273 saepe
1396 1233 1447 1264 est
1489 1230 1633 1274 species.

979 1274 1055 1309 Cic.
1085 1274 1128 1307 de
1158 1275 1199 1309 N.
1231 1275 1274 1308 D.
1306 1274 1392 1309 1.1.
1417 1275 1500 1320 quia
1522 1277 1634 1310 visum

979 1321 1148 1354 haberent
1181 1321 1355 1365 quendam
1395 1322 1570 1366 insignem
1599 1326 1634 1357 et

979 1367 1161 1400 illustrem.
1214 1366 1277 1400 ubi
1316 1366 1396 1400 vide
1436 1367 1633 1404 Davisium.

979 1412 1071 1446 run.
1096 1413 1143 1446 Η.
1168 1410 1211 1446 Ν.
1234 1412 1326 1446 xiix.
1350 1412 1408 1448 12.
1431 1414 1555 1448 chana
1579 1415 1636 1447 in-
1708 1400 1724 1431 '-

979 1458 1103 1492 decoro
1122 1458 1198 1492 visu
1218 1460 1509 1503 pertranslucida.
1522 1461 1634 1494 XXII.

978 1504 1014 1539 6
1039 1505 1183 1548 visuque
1210 1506 1282 1549 ipso
1309 1506 1442 1540 animos
1462 1506 1635 1541 inuitaue-

979 1554 1051 1585 rat.
1073 1550 1204 1584 Statius
1228 1550 1345 1587 Theb.
1370 1553 1431 1587 lX.
1458 1551 1540 1587 880.
1565 1554 1635 1586 Ae-

979 1607 1116 1642 graque
1136 1607 1199 1642 per
1220 1598 1374 1641 trepidos
1396 1600 1532 1642 expirat
1548 1610 1636 1644 gra-

979 1643 1034 1677 tia
1064 1643 1168 1676 visus.
1209 1641 1279 1677 Sed
1309 1644 1371 1677 hie
1399 1646 1514 1688 visus,
1549 1647 1637 1679 bene

978 1692 1141 1723 monente
1158 1689 1382 1731 Marklando,
1401 1690 1550 1725 sumitur
1571 1703 1636 1746 pro

978 1737 1054 1770 toto
1084 1735 1241 1780 corporis
1280 1737 1407 1770 habitu
1437 1741 1473 1772 et
1504 1738 1635 1782 speeie,

978 1786 1018 1816 ut
1041 1792 1146 1826 saepe
1163 1783 1278 1825 facies
1301 1786 1336 1817 et
1350 1785 1483 1826 forma.
1515 1785 1636 1828 Appo—
1705 1791 1728 1798 ‘⁴

981 1828 1045 1862 site
1069 1829 1114 1861 ud
1143 1828 1181 1861 h.
1207 1829 1231 1862 l.
1267 1828 1344 1863 Liv.
1368 1829 1459 1865 VIII.
1482 1828 1517 1863 9.
1547 1832 1636 1864 Con-

978 1878 1113 1918 spectus
1137 1874 1188 1907 ab·
1199 1880 1352 1919 utraque
1375 1877 1451 1909 acie
1473 1876 1635 1920 aliquan-

979 1924 1014 1954 to
1040 1921 1224 1964 augustior
1256 1921 1407 1955 humano
1440 1923 1527 1955 visu.
1565 1923 1635 1956 Ea-

978 1966 1058 1999 dem
1082 1966 1244 2009 loquendi
1267 1967 1384 2001 formu
1405 1967 1588 2008 Martialis,
1612 1978 1636 2002 a

977 2012 1102 2047 But-m.
1135 2008 1319 2054 laudatus,
1351 2014 1391 2048 V.
1432 2013 1490 2048 61.
1528 2013 1634 2048 dixit·

979 2056 1243 2093 Procuratorem
1274 2060 1374 2095 vultu
1405 2061 1465 2104 qui
1493 2063 1636 2105 praefe-

970 2110 1036 2139 -rat
1060 2106 1145 2149 ipso.
1181 2106 1344 2139 Ceterum
1375 2107 1544 2140 assentior
1566 2107 1636 2140 Ur-

980 2151 1078 2192 sino,
1110 2151 1283 2185 Velleium
1313 2152 1504 2196 respexisse
1533 2152 1634 2187 arbi-

981 2197 1090 2232 trunti
1133 2198 1178 2232 ud
1217 2198 1336 2232 locum
1371 2199 1570 2243 Euripidis,
1612 2209 1636 2233 a

980 2244 1103 2278 multis
1142 2255 1363 2288 expressum,
1408 2245 1445 2278 in
1479 2245 1634 2279 Stobueo

981 2290 1097 2324 Grotii
1119 2302 1199 2335 pag.
1223 2290 1302 2326 269.
1318 2289 1463 2348 ’Ἴδοιμι
1493 2289 1536 2326 δ’
1567 2304 1635 2326 αν·-

980 2337 1055 2370 τῶν
1102 2333 1227 2394 ἕκγον’
1277 2334 1408 2381 dd'dsv
1455 2333 1634 2383 ἇῤῥένων,

979 2382 1139 2427 Πρῶτον
1173 2380 1241 2427 μὲν
1275 2381 1378 2423 εἶδος
1409 2377 1540 2427 ἀξίους
1567 2397 1632 2419 τυ-

982 2430 1168 2485 ραννίὸος.
1201 2429 1382 2485 Πλείστη
1412 2431 1485 2475 γὰρ
1519 2427 1632 2475 ἀρετὴ

980 2473 1094 2510 τοῦθ’
1133 2471 1302 2520 νπάρχον
1337 2475 1376 2511 ἐν
1417 2477 1507 2532 βίῳ,
1554 2477 1634 2534 Τήν

980 2518 1131 2565 (ἐξίωσιν
1171 2524 1246 2556 ταῖν
1288 2520 1413 2558 καλῶν
1453 2519 1496 2558 τὸ
1531 2518 1634 2567 σωμ’

980 2566 1099 2649 ἔχεινΖ.
1107 2568 1204 2603 Adde
1226 2570 1403 2605 Muretum
1430 2570 1514 2604 Var.
1538 2570 1634 2605 Leet.

1024 2663 1058 2703 §-
1075 2661 1109 2695 3.
1127 2671 1319 2704 capescere.
1340 2661 1399 2698 Tu
1424 2660 1552 2705 scribe,
1573 2672 1634 2696 ea-

972 2718 1122 2753 pessere.
1145 2707 1288 2742 Bmum.
