1728 3054
223 196 309 238 212

535 192 584 234 C.
613 190 897 233 VELLEII
933 191 1313 236 PATERCULI

225 306 378 362 dedit,
412 310 463 350 ut
500 304 691 351 dederat
731 303 957 368 [primus]
993 304 1272 352 ‘Treboniae
1341 307 1462 352 Dum
1499 309 1608 352 ulti-

224 390 344 421 mam
371 375 495 419 bello
525 371 746 436 Actian,
781 374 1178 439 Alexandriaeque
1217 376 1384 421 Caesar
1420 377 1609 436 imponit

224 458 429 499 manum,
475 442 546 491 M.
578 442 810 503 Lepidus,
863 445 1032 490 iuvenis
1074 440 1223 490 forma
1273 460 1409 504 quam
1459 453 1608 490 mente

222 513 409 567 melior,
456 512 630 572 Lepidi¹
661 513 780 568 eius,
823 513 901 571 qui
932 513 1131 559 triumvir
1168 514 1313 559 fuerat
1352 516 1464 574 reip.
1497 529 1610 560 con-

221 580 496 636 stituendae,
540 581 681 639 filius,
723 580 851 626 lunia
891 582 1022 626 Bruti
1058 596 1211 628 sorore
1242 588 1394 640 natus,
1437 583 1608 627 interfi-

227 650 402 707 ciendi,
448 649 587 694 simul'
618 650 664 694 in
704 651 864 695 urbem
895 651 1166 707 revertisset,
1214 651 1416 696 Caesaris
1457 651 1606 696 consi-

185 719 290 766 elia
318 719 486 763 inierat.
527 719 661 766 Tunc
692 720 814 763 urbis
844 720 1055 765 custodiis
1082 722 1363 781 praepositus
1392 718 1445 764 C.
1474 720 1609 764 Mae-

225 803 387 847 cenas,
434 788 651 845 equestri,
705 788 785 832 sed
830 789 1070 848 splendido
1108 803 1277 851 genere
1316 794 1470 847 natuS,
1524 790 1605 844 vir,

221 856 306 910 <ubi
341 871 412 902 res
445 856 646 917 vigiliam
686 857 909 917 exigeret,
953 873 1059 903 sane
1089 858 1311 916 exomnis,
1346 857 1603 918 providens,

225 931 364 985 atque
380 974 385 976 ,
401 925 568 987 agendi
610 925 774 979 sciens;
809 925 941 972 simul
979 941 1088 972 vero
1119 927 1290 986 aliquid
1330 941 1385 971 ex
1413 926 1607 987 negocio

223 1081 338 1117 parvo
377 1072 548 1105 momento
589 1068 774 1115 scripserat
804 1071 885 1105 nal-

227 1119 296 1151 lius
337 1117 514 1151 utilitatis.
573 1116 656 1150 Ideo
695 1122 775 1161 post
810 1118 884 1151 eius

227 1167 373 1198 mortem
397 1162 550 1197 decrevit
575 1167 735 1204 senatus,
767 1167 808 1197 nt
840 1164 884 1197 zi-

229 1210 283 1244 bri
329 1221 406 1244 cum
457 1219 598 1253 corpore
647 1212 884 1244 exurerentur.

227 1256 325 1300 Quot
356 1256 484 1297 verba,
529 1257 581 1288 tot
611 1265 758 1298 errores.
791 1255 884 1290 Nam

226 1302 384 1348 primum
416 1313 487 1335 non
509 1300 592 1335 talis
613 1300 676 1334 hic
699 1312 884 1344 compara-

227 1348 280 1383 tio
319 1352 389 1392 est,
431 1346 545 1390 qualis
582 1346 621 1380 in
663 1347 886 1382 Callimacho

228 1395 278 1431 H.
301 1393 338 1428 in
354 1395 470 1450 Apo'll.
495 1391 575 1451 ¹¹28:
594 1389 789 1438 Ἀσσυρίου
814 1405 886 1428 πο-

227 1452 498 1529 3533015‘5310‘?
519 1443 784 1529 333202133
803 1440 888 1521 ἶέἓᾶ

228 1534 352 1568 Cassio
376 1532 482 1575 dedit,
507 1531 696 1576 quicquam
722 1532 888 1575 detrahit,

228 1581 289 1615 aed
328 1582 465 1614 tantum
500 1578 629 1612 fervidi
669 1578 804 1624 ingenii
850 1578 888 1614 in

229 1625 389 1661 versibus
430 1624 614 1659 fundendis
659 1625 887 1667 celeritatem,

229 1677 265 1707 et
286 1673 368 1707 inde
389 1676 511 1707 natam
532 1671 706 1705 librorum
729 1672 890 1706 multitu—

229 1719 348 1754 dinem
365 1716 599 1763 reprehendit.
611 1717 746 1752 Deinde
759 1718 886 1752 Gram-

230 1765 379 1800 maticus
409 1764 504 1808 turpi
533 1775 652 1798 errore
671 1764 742 1798 huc
763 1764 887 1807 trahit,

231 1812 325 1856 quod
350 1812 393 1845 de
417 1810 537 1845 Cassio
561 1810 714 1852 Severo,
735 1814 885 1854 oratore,

229 1859 369 1903 legerat
399 1856 437 1891 in
468 1855 639 1890 Suetonio
676 1856 790 1902 Calig.
825 1856 884 1891 16.

234 1904 346 1938 Cassii
369 1903 488 1937 Severi
509 1902 639 1946 scripta
661 1907 886 1936 senatuscon-

231 1951 332 1995 sultis
347 1949 490 1983 abolita.
514 1949 749 1983 Veruntamen
772 1959 817 1982 ne
839 1948 885 1982 il-

231 1997 293 2031 lud
334 1996 497 2040 quidem,
538 1995 630 2039 quod
669 1995 782 2029 Acron
821 2006 885 2027 su-

231 2042 370 2089 periore
396 2040 543 2076 Scholio
567 2045 699 2083 narrat,
722 2040 888 2075 credibile

230 2089 372 2123 videtur
409 2090 548 2132 poetam
581 2087 727 2121 Varium
767 2087 888 2131 (quod

230 2135 416 2170 hominum
438 2145 549 2179 genus
569 2133 792 2168 mitissimum
811 2144 888 2168 esse

230 2182 338 2226 solet)
362 2181 406 2216 ad
429 2182 579 2214 alterum
610 2181 770 2225 poetam,
802 2180 887 2214 Cas-

231 2228 325 2263 sium
378 2226 627 2268 Par-mensem,
677 2225 889 2260 interficien-

231 2275 316 2309 dum
346 2274 392 2309 ab
428 2274 586 2318 Augusto
617 2271 762 2306 missum
801 2281 887 2306 esse.

231 2320 324 2355 Tale
346 2319 527 2365 negotium
548 2318 698 2353 tribunis
722 2320 782 2353 aut
803 2329 887 2352 cen-

229 2367 425 2404 turionibus
445 2365 606 2399 mandari
627 2366 773 2399 solebat.
797 2365 887 2399 Cum

230 2413 345 2456 igitur
382 2412 449 2447 sub
488 2412 648 2457 Augusto
688 2411 821 2454 Varus,
863 2421 887 2445 a

231 2459 384 2504 Virgilio
417 2458 551 2498 cultus,
596 2458 666 2491 dux
704 2456 887 2501 copiarum

229 2505 358 2547 fuerit,
385 2508 424 2539 ut
446 2503 589 2538 Servius
616 2504 662 2537 ad
684 2504 783 2547 Vir-g.
806 2504 886 2537 Ecl-

231 2552 292 2586 lx.
309 2551 367 2586 35.
391 2554 547 2596 testatur,
566 2549 651 2584 huic
674 2549 787 2584 Cassii
809 2554 886 2583 tru-

232 2597 373 2631 cidandi
412 2596 644 2630 ministerium
685 2597 885 2640 delegatum

230 2643 410 2687 auspicor,
439 2646 477 2676 et
507 2645 628 2677 totam.
651 2642 809 2676 fabulam
840 2642 885 2677 de

230 2689 352 2724 Cassio
375 2699 440 2733 per
460 2688 606 2722 Varium
636 2688 818 2723 interfecto
841 2699 883 2722 ex

230 2738 400 2781 perpetua
452 2734 654 2770 confusione
700 2733 882 2770 nominum

935 2688 1067 2725 aciens.
1101 2686 1159 2721 97.
1201 2685 1345 2720 scientes
1378 2685 1469 2719 belli.

957 1070 1070 1105 Varus
1101 1073 1136 1105 et
1163 1069 1290 1104 Varius
1321 1069 1471 1105 fluxisse.
1507 1070 1609 1104 Cete-

949 1128 1030 1151 rum
1053 1117 1143 1151 Plin.
1168 1118 1215 1150 H.
1240 1116 1283 1150 N.
1312 1116 1440 1150 XXXI.
1463 1116 1496 1152 2.
1528 1116 1605 1150 lau-

949 1164 1010 1198 dat
1041 1163 1155 1197 Cassii
1186 1162 1384 1197 Parmensis
1424 1162 1608 1207 epistolam

950 1210 996 1244 ad
1019 1209 1071 1243 M.
1094 1209 1303 1250 Antonium3
1327 1209 1436 1243 aliam
1466 1209 1511 1244 ad
1533 1209 1608 1242 Au-

949 1259 1092 1300 gustum
1115 1254 1301 1290 Suetonius
1323 1255 1414 1299 Aug.
1436 1254 1470 1289 4.
1488 1266 1607 1299 quam,

950 1302 1082 1343 miror,
1127 1313 1149 1337 a
1189 1301 1267 1335 viro
1307 1300 1507 1335 doctissimo
1538 1311 1607 1335 non

952 1347 1128 1381 diversam
1158 1346 1268 1381 statui
1297 1348 1358 1381 abr
1373 1347 1437 1380 illa
1466 1347 1511 1381 ad
1534 1348 1608 1380 An-

950 1393 1099 1436 tonium,
1131 1391 1291 1436 quamvis
1318 1392 1355 1426 in
1391 1393 1460 1427 hac
1490 1392 1607 1436 ipsum

951 1440 1151 1485 Augustum
1182 1439 1400 1483 alloquatur:
1440 1439 1606 1473 Materna

951 1487 1016 1522 tibi
1034 1486 1163 1530 farina
1187 1489 1252 1521 etc.

998 1537 1038 1567 ut
1061 1532 1206 1566 dederat
1234 1530 1430 1566 Trebonius.
1458 1531 1606 1575 Exemp-

952 1581 1023 1613 vet.
1059 1578 1186 1612 habet:
1224 1578 1419 1612 Tribonius.
1460 1578 1605 1611 Binum.

954 1624 1185 1660 Scribendum
1216 1624 1259 1658 de
1290 1623 1370 1658 Aldi
1391 1623 1538 1668 Nepot.‚
1563 1627 1607 1656 ari

953 1670 1122 1713 Puteani,
1147 1670 1362 1705 coniectura:
1396 1674 1436 1704 ut
1463 1670 1608 1703 dederat

949 1718 1084 1763 primus
1110 1718 1310 1751 Trebonius.
1341 1715 1447 1760 idque
1477 1716 1608 1760 proba·-

950 1767 1033 1798 runt
1055 1763 1195 1798 Vossius
1227 1764 1270 1797 de
1300 1763 1398 1797 Poet.
1430 1762 1505 1796 Lat.
1529 1773 1606 1806 cap.

940 1801 985 1844 ⁴2.
1003 1821 1087 1855 pag.
1095 1810 1175 1844 237.
1187 1812 1222 1843 et
1237 1810 1416 1843 Massonus
1433 1808 1516 1842 Vita
1534 1809 1607 1841 Ho-

950 1860 1018 1893 rat.
1048 1867 1128 1901 pag.
1162 1856 1241 1890 155.
1272 1856 1371 1889 Haec
1410 1853 1607 1888 emendatio

951 1913 1033 1936 cum
1057 1905 1130 1936 tam
1153 1907 1250 1936 certa
1280 1905 1315 1935 et
1343 1900 1526 1944 perspicua
1547 1899 1605 1944 sit,

951 1951 993 1983 ut
1010 1947 1083 1982 sine
1106 1952 1247 1992 stupore
1268 1947 1328 1981 vix
1350 1947 1502 1981 dubitari
1525 1958 1608 1990 pos-
1630 1960 1635 1964 ⁷

952 2005 991 2028 se
1024 1994 1206 2036 videatur,
1249 2004 1374 2028 vocem
1404 1993 1535 2037 primus
1568 1991 1605 2027 in

951 2042 1106 2082 textum,
1143 2040 1235 2074 unde
1265 2039 1458 2080 exciderat,
1495 2049 1607 2082 quau-

952 2097 1059 2131 quam
1086 2086 1183 2120 uncis
1203 2086 1395 2129 inclusam,
1418 2084 1552 2119 reduxi.

999 2135 1034 2175 §-
1057 2133 1092 2168 2.
1126 2133 1295 2178 equestri,
1329 2132 1392 2166 sed
1426 2130 1606 2174 splendido

951 2189 1082 2224 genere
1103 2185 1218 2214 natus.
1253 2177 1394 2223 Optime
1415 2177 1468 2211 sic
1487 2188 1606 2210 emen-

951 2226 1079 2260 darunt
1098 2226 1284 2260 Vascoean.
1302 2228 1336 2259 et
1358 2224 1482 2258 Editor
1495 2222 1606 2259 Basil.

951 2270 1126 2306 Editionis
1166 2282 1220 2315 pr.
1257 2269 1422 2304 vitiosam
1455 2269 1605 2313 scriptu-

952 2328 1051 2352 ram:
1085 2317 1250 2362 equestris
1281 2321 1315 2351 et
1339 2315 1517 2361 splendido
1537 2325 1602 2360 ge-

952 2375 1036 2398 nere
1057 2368 1174 2398 natus.
1209 2364 1264 2397 De
1293 2363 1462 2407 equitibus
1490 2362 1606 2406 splen-

944 2410 1068 2455 didis,
1101 2409 1162 2453 qui
1193 2409 1302 2443 etiam
1326 2410 1495 2450 illustres,
1526 2418 1602 2451 ope-

954 2457 1056 2498 ciosi,
1101 2455 1256 2501 insignes
1295 2455 1477 2496 dicuntur,
1522 2452 1604 2487 vide

952 2502 1111 2546 Lipsium
1127 2503 1171 2535 ad
1193 2501 1305 2536 Tacit.
1317 2502 1405 2535 Ann.
1430 2501 1494 2543 XI,
1516 2498 1551 2532 4.
1569 2502 1605 2534 et

951 2548 1154 2583 Massonum
1178 2548 1246 2582 Vit.
1267 2549 1391 2582 Horat.
1411 2557 1485 2591 pag
1521 2543 1601 2579 114.

997 2595 1131 2640 agendi
1149 2595 1272 2628 sciens.
1290 2593 1516 2628 Locutionem
1539 2592 1603 2625 ha-

950 2641 1009 2675 bet
1032 2651 1054 2675 a
1076 2640 1221 2675 Sallust.
1254 2640 1333 2684 lug.
1360 2637 1418 2674 85.
1453 2640 1602 2718 loeoAfflm

1541 2694 1603 2716 ru-

946 2732 1036 2769 sian.
1057 2733 1164 2768 Mese.
1181 2732 1262 2768 MS,
1284 2732 1394 2768 aciem
1415 2730 1517 2766 haim
1537 2729 1607 2765 rei.
