1728 3054
0 0 573 50 ᾗ-

318 223 584 267 HISTOR.
611 221 768 265 Rom.
795 220 916 263 LIB.
943 220 994 261 11.
1028 215 1164 262 cAP.
1192 222 1260 262 12.

1427 224 1486 266 65

114 341 346 389 Aurelium
365 340 468 386 CoS.
491 345 536 385 et
569 339 678 384 alios
712 310 991 384 celeberrimi
1016 335 1204 381 nominis
1235 336 1353 381 viros
1386 341 1482 381 tru-

116 410 357 469 cidassent,
392 409 588 469 populus
637 408 695 451 R.
739 421 830 451 non
864 405 999 449 alium
1039 404 1307 464 repellendis
1347 406 1478 452 tantis

114 478 316 524 hostibus
358 478 502 537 magis
555 475 765 520 idoneum
811 474 1150 532 imperatorem,
1192 488 1327 531 quam
1370 474 1479 518 Ma-

115 547 228 592 rium
241 578 255 602 ,
300 552 364 590 est
402 553 533 591 ratus,

600 544 723 588 Tum
765 542 1049 601 multiplicati
1090 543 1338 587 consulatus
1373 544 1516 595 eiusz

115 615 293 660 Tertius
325 615 371 658 iu
403 616 620 672 apparatu
651 610 759 655 belli
793 616 1099 668 consumptus:
1134 626 1225 668 quo
1255 627 1369 655 anno
1397 611 1478 657 Cu.

114 683 336 728 Domitius
380 682 577 726 tribunus
618 679 681 738 pl.
734 678 886 737 legem
930 679 1052 736 tulit,
1117 685 1166 722 ut
1214 680 1480 737 sacerdotes,

115 766 229 810 quos
275 756 402 795 antea
442 748 662 806 conlegae
702 746 1002 801 sufficiebant,
1056 747 1253 804 populus
1296 755 1480 794 crearet.

115 820 288 875 Quarto
320 824 437 861 trans
468 816 624 875 Alpeis
657 815 777 860 circa
816 816 968 872 Aquas
997 813 1180 859 'Sextias
1215 830 1318 860 cum
1353 818 1519 873 Teu-4

113 874 228 931 tonis
261 884 480 940 conflixit,
515 884 703 943 amplius
739 882 832 927 CL.
865 883 1081 937 hostium,
1114 884 1266 943 priore
1302 901 1355 930 ac
1388 902 1479 946 po-

114 962 232 1000 stero
276 954 351 999 die
393 953 451 996 ab
495 968 550 998 eo
583 951 832 1004 trucidatis3
873 967 1074 1012 gensque
1117 952 1262 998 excisa
1303 954 1481 999 Teuto-

115 1038 235 1069 num.
294 1021 487 1077 Quinto‚
531 1021 639 1066 citra
673 1021 830 1079 Alpeis
871 1021 915 1064 in
951 1020 1141 1079 camij,
1186 1022 1347 1078 quibus
1391 1039 1521 1081 no—5

42 1131 53 1145 s
115 1107 220 1137 men
253 1096 347 1135 erat
379 1089 591 1144 Raudiis,
625 1089 721 1148 ipse
755 1088 857 1133 CoS.
894 1095 938 1133 et
970 1089 1153 1134 Procos.
1190 1090 1247 1145 Q.
1281 1090 1484 1138 Lutatius

118 1159 305 1205 Catulus
338 1158 680 1202 fortunatissimo
716 1157 1001 1202 decertavere
1029 1157 1226 1217 praelio:
1262 1173 1390 1204 caesa
1408 1167 1485 1206 aut

117 1234 252 1288 capta
293 1226 485 1287 amplius
522 1225 574 1272 C.
616 1225 862 1271 homiuum.
930 1225 1035 1272 Hac
1081 1226 1266 1272 victoria
1310 1228 1485 1275 videtur

115 1382 348 1424 emaculas-em,
391 1382 434 1416 ut
479 1380 542 1416 alii
584 1381 771 1427 scriptores

117 1429 248 1463 dicunt.

163 1495 374 1530 ee1eben-imz·
398 1494 543 1528 nominis
567 1495 667 1528 viros.
690 1494 769 1528 Liv.

115 1541 175 1577 lv.
198 1541 256 1576 54.
285 1552 361 1574 cum
381 1545 451 1574 tres
476 1541 685 1574 celeberrimi
706 1553 769 1574 πο-

117 1588 222 1622 minis
240 1587 383 1620 haberet
412 1587 525 1620 duces.
544 1587 684 1620 xxvu.
710 1586 767 1620 4⁰.

119 1634 187 1667 duo
230 1633 439 1666 celeberrimi
482 1633 625 1666 nominis
666 1633 768 1666 duces

118 1679 339 1713 circumstare
389 1678 507 1711 urbem
562 1678 767 1711 Romanam.

119 1725 210 1759 Gen.
242 1725 334 1759 xm.
363 1723 420 1758 24.
453 1724 551 1757 homo
587 1725 624 1757 in
645 1724 770 1758 studiis

120 1771 296 1805 doctrinae
328 1770 429 1803 multi
464 1775 568 1813 atque
606 1771 769 1804 celebrati

119 1816 277 1850 nominis.
294 1815 469 1849 Ciceronis
481 1817 686 1849 consuetudo
705 1827 770 1848 vo·-

120 1873 198 1896 oem
218 1862 348 1895 celeber
368 1861 492 1902 rebus,
513 1871 581 1895 nou
603 1861 768 1905 personis,

119 1907 255 1943 tribuit.
283 1907 470 1942 celebritas
499 1910 616 1940 tamen
644 1907 771 1941 dicitur

211 1952 363 1986 hominis
389 1952 487 1986 fama
508 1953 602 1997 apud
622 1953 769 1988 eundem

119 1999 165 2034 de
185 1998 256 2034 off.
278 1999 323 2033 11.
343 1997 399 2034 13.

164 2068 199 2110 §-
234 2066 268 2101 3.
314 2067 378 2101 Cn.
400 2067 570 2101 Domitius
603 2068 696 2102 Trib.
717 2068 766 2112 pl.

119 2111 233 2158 legem
255 2113 347 2146 tulit.
370 2113 423 2146 De
443 2113 514 2146 hac
536 2113 616 2158 lege
638 2119 689 2147 est
710 2114 768 2147 lo-

119 2169 180 2192 mn
203 2157 275 2192 (xc.
298 2159 343 2192 ud
363 2157 463 2192 Brut.
491 2159 555 2202 Ep.
578 2159 611 2193 5.
638 2159 769 2194 Existi-

118 2214 175 2238 πο
212 2205 353 2242 omnino,
379 2205 568 2238 absentium
601 2206 770 2239 rationem

118 2250 332 2290 sacerdotum
349 2251 493 2284 omnimo
515 2261 613 2294 posse
637 2251 769 2286 haberi.

106 2306 204 2334 *nm
224 2296 330 2330 etiam
346 2297 485 2340 fuctum
508 2301 559 2330 est
586 2301 701 2330 antea.
730 2298 768 2332 C.

121 2341 212 2375 arim
230 2341 390 2386 Marius,
423 2353 499 2376 cum
525 2342 561 2375 in
585 2343 768 2387 Cappado—

122 2386 179 2420 cia
209 2392 316 2429 uret,
354 2388 433 2433 lege
467 2388 621 2422 Domitia
647 2391 768 2432 factus

124 2435 176 2465 ent
194 2443 318 2478 augur.
349 2433 479 2478 Atqui,
514 2435 542 2468 si
566 2435 655 2468 haec
684 2445 767 2468 vera

123 2480 214 2519 nunt,
259 2477 317 2512 lex
358 2489 427 2513 uon
473 2481 621 2514 secundo
659 2479 767 2514 Marii

125 2521 323 2566 cumulata,
361 2525 419 2558 sed
450 2530 531 2559 ante
562 2527 663 2561 illum
695 2527 768 2560 lata

125 2571 194 2606 ent,
222 2569 384 2610 quoniam
406 2571 559 2613 Marius,
591 2577 630 2606 ut
652 2584 694 2606 ex
716 2573 770 2606 in-

125 2612 312 2657 scriptione
330 2616 421 2660 apud
443 2617 582 2652 Gruter.
595 2629 676 2663 pag.
688 2619 769 2652 ⁴36.

124 2658 160 2694 8.
182 2662 344 2703 apparet,
373 2661 445 2696 iam
476 2666 557 2697 aute
585 2664 773 2698 secundum

125 2705 344 2740 comulatam
392 2717 505 2753 augur
550 2709 628 2744 fuit.
674 2711 772 2744 Haec

125 2749 266 2795 dinque
282 2751 387 2796 plura
405 2753 556 2799 disputat
574 2755 640 2790 Ier.
650 2756 774 2791 Mark-

831 1380 926 1414 land.
950 1381 994 1415 V.
1018 1381 1058 1416 C.
1081 1381 1486 1430 Animadvers..Anglice

832 1426 968 1469 scriptis
995 1426 1032 1461 iu
1062 1427 1135 1461 Cic.
1168 1429 1213 1462 ad
1242 1430 1342 1464 Brut.
1374 1433 1486 1475 Epist.

834 1483 916 1516 pag.
942 1472 1019 1506 17⁰.
1056 1474 1134 1517 Ego
1163 1485 1246 1508 vero
1275 1477 1413 1512 tametsi
1434 1478 1487 1512 ei-

833 1518 912 1550 dem
931 1519 1156 1560 Marklando,
1178 1524 1212 1554 et
1235 1522 1363 1556 Iacobo
1385 1524 1418 1556 Τ
1420 1536 1486 1558 un-

835 1564 956 1604 stallo,
997 1565 1075 1598 viro
1114 1566 1334 1609 doctissimo,
1378 1570 1485 1604 facile

832 1610 1020 1654 assentior,
1049 1611 1222 1645 Ciceronis
1245 1615 1289 1646 ad
1321 1615 1483 1659 Brutum,

834 1660 869 1689 et
890 1656 992 1689 Bruti
1015 1657 1059 1690 ad
1082 1658 1154 1690 Cic.
1187 1658 1353 1702 epistolas
1370 1673 1393 1695 a
1416 1663 1485 1696 fal-

833 1701 926 1735 sario
954 1713 1028 1735 esse
1051 1704 1232 1745 confictas,
1268 1710 1385 1741 tamen
1414 1719 1486 1743 non

833 1747 947 1789 video,
970 1750 1157 1791 quomodo,
1180 1751 1269 1792 quod
1288 1752 1483 1788 Markland.

834 1793 936 1834 dicit,
965 1805 1007 1827 ex
1028 1794 1093 1828 ina
1122 1796 1344 1839 inscriptione
1363 1800 1485 1845 colligi

833 1839 952 1882 possit.
999 1839 1112 1873 Immo
1150 1841 1321 1885 Scipionis
1361 1846 1486 1881 Mastei

835 1884 918 1918 erit.
942 1884 1146 1928 Lapidslll.
1169 1887 1202 1920 3.
1224 1899 1306 1932 paz.
1324 1889 1404 1924 226.
1428 1892 1485 1926 iu-

833 1930 964 1964 dicium
987 1931 1031 1965 de
1057 1931 1187 1966 talibus
1216 1934 1490 1978 Epigrammatis

834 1976 1011 2011 historicis
1039 1983 1198 2020 secutus,
1229 1984 1338 2015 totam
1361 1983 1488 2019 inscri-

832 2023 986 2066 ptionem
1037 2025 1315 2061 commenticiam
1359 2029 1489 2066 iudico.

834 2070 888 2102 De
919 2070 1014 2113 Lege
1034 2071 1192 2104 Domitia
1212 2073 1315 2106 multi
1333 2081 1490 2119 egerunt,

834 2115 894 2148 sed
934 2115 1092 2149 omnium
1123 2119 1381 2154 accuratissime
1411 2123 1488 2157 Dn-

834 2161 906 2194 ker.
953 2161 997 2195 ad
1041 2162 1117 2196 Liv.
1151 2164 1309 2201 xxxix.
1350 2166 1408 2200 45.
1451 2172 1488 2204 et

835 2205 931 2250 Epit.
961 2206 1019 2241 67.
1053 2213 1088 2241 et
1118 2210 1252 2244 Eruest.
1278 2211 1384 2247 ludin.
1417 2214 1487 2248 Le-

833 2263 922 2297 gum
942 2263 976 2286 ν.
1001 2253 1166 2288 Domitia.

881 2323 913 2361 §-
943 2320 977 2355 4.
1008 2324 1200 2358 trucidatis.
1238 2323 1487 2363 scribendum:

835 2367 1022 2401 trucidata.
1061 2374 1100 2403 ut
1142 2382 1240 2404 mox:
1287 2383 1390 2406 caesa
1424 2379 1488 2410 aut

835 2418 939 2457 capta
957 2415 1103 2458 amplius
1126 2416 1161 2450 C.
1178 2417 1363 2451 hominum.

879 2481 912 2523 §.
936 2479 970 2515 5.
1000 2483 1158 2518 Raudiis.
1186 2485 1249 2519 Ed.
1274 2497 1324 2529 pr.
1342 2486 1488 2529 Raudis,

835 2525 878 2558 de
902 2538 1016 2569 more,
1052 2541 1119 2572 quo
1153 2530 1278 2564 centies
1315 2531 1351 2564 in
1381 2534 1492 2568 veteri

837 2572 919 2606 Cod.
949 2574 1095 2618 simplex
1119 2577 1131 2608 i
1152 2587 1213 2619 pro
1235 2577 1373 2621 duplice
1394 2580 1495 2622 poni-

837 2622 906 2660 tur,
929 2623 968 2652 ut
991 2621 1106 2654 statim
1117 2623 1241 2655 Servili
1262 2635 1324 2666 pro
1341 2626 1494 2661 Servilii.

838 2665 891 2698 De
916 2665 1085 2700 varietate
1106 2667 1141 2700 in
1165 2667 1270 2702 huius
1294 2671 1408 2714 campi
1430 2683 1495 2706 no-

837 2709 1032 2790 rginfivide
1052 2713 1201 2758 Interpp.
1232 2714 1279 2748 ad
1307 2715 1402 2752 Flor.
1431 2718 1494 2753 111.

1227 2807 1258 2849 5
