1728 3054
438 209 743 254 ANNALES
781 204 1150 253 VELERIAM
1394 213 1488 250 miv

107 324 261 373 moles,
296 322 515 364 deficiente
548 333 643 363 cum
679 321 765 363 suis
801 320 1100 362 Marcomannis
1126 318 1404 369 Maroboduo,
1442 324 1488 363 et

106 378 314 422 Pannonia
337 376 501 432 'quoque
528 379 715 423 universa
752 381 875 431 atque
901 377 1112 418 Delmatia.
1167 376 1323 418 Mansit
1348 380 1484 417 autem

60 455 64 458 -
102 437 396 489 aliquantisper
430 440 523 489 post
559 435 790 484 Tiberium,
817 438 865 475 ut
890 434 1072 482 videtur,
1097 434 1140 474 in
1166 434 1270 475 urbe
1296 432 1482 474 Velleius

106 496 348 546 quaestui-ae
392 492 511 532 huius
561 492 655 532 anni
701 491 875 531 comitiis
921 490 1173 532 candidatus.
1242 490 1484 541 Designatus

107 554 299 602 quaestor
325 553 481 601 partem
510 547 711 598 exercitus
740 547 790 587 ab
812 547 914 587 urbe
943 547 1084 587 traditi
1111 548 1162 587 ab
1181 546 1362 599 Augusto
1387 560 1483 599 per-

107 606 223 646 duxit
248 605 301 645 ad
327 605 455 644 filium
485 604 594 652 einis,
630 603 712 642 iam
739 603 900 643 scilicet
925 607 1044 643 antea
1071 616 1278 644 reversum
1304 605 1346 643 in
1377 603 1483 644 Ger-

105 662 294 702 maniam.
322 671 325 677 ’
348 660 469 700 Hunc
496 657 672 712 speciosi
698 658 871 699 ministri
897 658 1032 698 locum
1060 659 1238 712 appellat
1265 660 1356 712 ipse
1382 658 1483 700 Vel-

106 718 220 759 leius.
249 715 290 770 *)
318 715 364 756 ln
392 729 443 755 eo
470 728 530 764 se,
558 715 731 756 necdum
760 716 1011 764 Senatorem‚
1040 714 1304 755 Senatoribus
1333 728 1482 769 aequa-

105 778 192 815 tum
221 772 349 815 fuisse
377 771 498 821 dicit,
534 783 612 811 nec
652 771 782 812 infimi
816 771 858 811 iu
895 775 1040 811 senatu
1074 772 1228 811 ordinis
1268 772 1369 821 illis,
1406 772 1482 815 sed

104 828 325 881 designatis
351 829 473 868 etiam
500 828 684 868 tribunis.
739 827 928 868 Nondum
966 831 1055 867 erat
1080 828 1269 868 nimirum
1297 828 1484 879 Senator,

103 886 173 939 qui
201 885 379 925 nondum
407 885 607 936 Quaestor
645 886 756 935 erat,
798 885 873 927 sed
902 883 954 923 ad
986 886 1243 936 quaesturam
1272 884 1483 926 dumtaxat

103 942 349 994 designatus.
404 941 495 981 Hoc
522 946 658 981 tamen
694 940 960 988 ministerium
987 952 1104 980 suum
1133 941 1190 980 ita
1218 940 1482 982 Senatoribus

101 999 308 1052 proprium
335 997 463 1038 fnisse
490 997 642 1046 innuit,
679 1001 726 1036 ut
758 1009 811 1036 ne
852 996 1015 1049 quidem
1045 997 1335 1048 Quaestoribus
1366 998 1481 1038 credi

103 1053 224 1096 'antea
250 1054 402 1095 soleret
416 1082 429 1102 ,
474 1066 594 1106 quam
629 1053 751 1092 etiam
778 1053 858 1105 ipsi
886 1053 939 1092 ad
974 1054 1225 1105 superiorem
1253 1055 1481 1095 tribunatus

102 1111 147 1152 in
167 1114 328 1150 *senatu
363 1110 531 1162 gradum
568 1110 743 1150 fuissent
785 1109 838 1149 ad
873 1109 1083 1150 minimum
1118 1110 1331 1162 designati.
1389 1110 1480 1150 Pri-

102 1180 213 1208 mum
240 1167 426 1207 nimirum
465 1166 508 1205 in
546 1170 688 1206 senatu
724 1178 871 1207 annum
899 1170 1114 1218 quaestura
1140 1166 1229 1219 ipsa
1258 1168 1483 1221 occupavit,

103 1223 326 1264 secundum
362 1223 565 1276 provincia
601 1222 840 1274 quaestoria.
896 1222 959 1262 lta
986 1222 1165 1272 factum,
1202 1227 1249 1263 ut
1276 1236 1357 1264 non
1385 1228 1482 1266 ante

101 1280 289 1328 tertium,
317 1292 368 1319 ex
397 1291 475 1331 quo
502 1279 546 1319 in
571 1283 756 1319 senatum
783 1279 949 1319 admissi
975 1279 1172 1327 fuissent,
1204 1292 1350 1320 annum
1366 1311 1378 1332 ,
1404 1293 1480 1321 no-

101 1348 195 1376 vum
221 1336 358 1385 illum,
397 1348 517 1387 quem
554 1338 766 1388 tantopere
808 1335 1067 1388 depraedicat
1104 1335 1315 1385 Velleius,
1351 1337 1481 1378 hono-

102 1405 191 1434 rem
219 1405 432 1445 capessere
460 1397 624 1445 possent
652 1392 715 1432 vel
738 1393 966 1433 Senatores.
994 1391 1114 1432 Tunc
1142 1393 1265 1432 etiam
1295 1406 1344 1442 ea
1371 1394 1480 1446 lege,

102 1453 150 1489 ut
175 1449 328 1488 nullam
352 1448 463 1501 passi
501 1448 674 1487 fuissent
709 1448 752 1487 in
779 1449 986 1487 tribunatu
1019 1449 1232 1488 ambiendo
1261 1449 1479 1502 repulsam.

103 1506 219 1557 Quae
245 1517 341 1544 vero
377 1508 466 1543 erat
505 1505 574 1544 illa
606 1505 649 1544 in
683 1504 848 1544 homine
878 1504 1030 1544 ordinis
1058 1505 1138 1545 iam
1168 1506 1368 1557 equestris
1395 1511 1480 1547 tam

105 1561 289 1614 speciosa
317 1560 487 1599 militia‘}
524 1561 644 1611 Quod
687 1561 844 1600 scilicet
881 1562 1082 1601 exercitus
1119 1567 1277 1614 partem
1306 1563 1478 1604 duxerit.

104 1616 211 1658 Num
239 1617 360 1668 igitur
388 1616 576 1656 cohortes
613 1616 804 1668 alasque,
833 1617 976 1669 quibus
1007 1622 1217 1669 equestres
1244 1619 1478 1671 praefectos

105 1672 233 1713 fuisse
261 1673 458 1720 diximus,
504 1685 578 1725 pro
617 1674 818 1725 exercitus
861 1673 1031 1725 proinde
1065 1675 1250 1726 partibus
1286 1688 1367 1715 non
1403 1676 1478 1716 ha-

104 1729 258 1770 bendas
287 1741 377 1768 esse
405 1729 685 1768 censebimus?
720 1729 848 1768 Erant
873 1729 1135 1782 illae'procul
1163 1731 1307 1783 dubio,
1344 1745 1479 1772 remo-

104 1786 198 1826 tiori
236 1784 408 1837 quodam
459 1797 601 1832 sensu,
649 1785 849 1825 exercitus
889 1790 1039 1838 partes.
1112 1786 1298 1839 Propiori
1340 1792 1479 1830 tamen

103 1854 227 1881 sensu
274 1841 479 1892 legionum
522 1841 656 1892 potius
710 1842 1053 1893 auxiliorumque,
1106 1856 1227 1895 quam
1273 1846 1478 1886 exercitus

102 1902 239 1951 partes
267 1901 382 1936 erant
418 1897 707 1950 appellandae,
745 1911 823 1950 qua
861 1898 1048 1939 nimirum
1085 1900 1128 1940 in
1165 1913 1246 1940 uno
1285 1914 1376 1940 cum
1415 1902 1477 1942 le-

102 1954 287 2006 gionibus
340 1963 465 1993 censu
522 1954 731 1994 auxiliares
779 1955 902 1994 etiam
947 1956 1161 1996 veniebant
1210 1957 1474 2009 intelligendi.

100 2009 210 2050 Num
245 2021 343 2061 ergo
384 2009 584 2060 legionem
621 2010 749 2050 fuisse
786 2011 1060 2062 censebimus,
1101 2026 1220 2064 quam
1260 2014 1313 2053 ad
1350 2014 1475 2054 Tibe-

101 2067 207 2107 rium
236 2065 394 2105 duxerit
423 2065 623 2117 Velleius,
663 2072 819 2118 partem
847 2067 1033 2107 nimirum
1063 2070 1263 2110 exercitus
1294 2071 1474 2111 consula-

103 2123 181 2171 ris,
221 2123 288 2174 qni
317 2122 491 2169 duabus,
529 2123 579 2161 ad
619 2124 846 2171 minimum,
887 2129 1075 2165 constare
1112 2126 1269 2166 solebat
1305 2126 1476 2179 legioni-

101 2178 212 2219 bns?
248 2178 337 2218 Hoc
361 2178 504 2230 'procul
533 2179 654 2217 dubio
683 2180 807 2220 voluit
834 2179 1030 2221 Velleius.
1085 2183 1187 2222 Erat
1216 2187 1373 2232 tamen,
1412 2184 1476 2223 fa—

103 2239 214 2283 teor,
252 2247 346 2283 cur,
381 2234 476 2273 idne
503 2247 640 2274 verum
669 2241 799 2285 esset,
836 2236 1051 2288 aliquando
1078 2238 1326 2287 dubitarem,
1365 2240 1474 2291 quod

101 2291 284 2345 proximo
305 2295 556 2343 aquaestura
586 2305 687 2331 anno
706 2297 793 2332 tum
819 2293 979 2332 demum
1011 2307 1057 2333 se
1081 2295 1258 2346 legatum
1293 2296 1477 2336 eiusdem

101 2347 155 2388 ad
176 2347 348 2387 eundem
374 2347 411 2386 T
414 2347 583 2386 iberium
610 2349 774 2388 missum
800 2349 928 2388 fuisse
948 2354 1177 2390 testaretur.
1206 2352 1404 2401 Innuens,
1428 2356 1477 2393 ut

103 2403 402 2451 existimabam,
433 2404 610 2443 nondum
638 2417 702 2453 se,
732 2419 822 2444 cum
847 2411 966 2445 antea
992 2407 1222 2446 mitteretur
1241 2409 1283 2446 in
1308 2408 1476 2449 Germa-

103 2460 234 2509 niam,
268 2460 394 2499 fuisse
431 2459 618 2511 legatum.
686 2462 803 2512 Quod
840 2463 875 2501 si
910 2462 1066 2514 legatus
1105 2464 1280 2502 nondum
1315 2463 1478 2515 fuisset,

103 2515 212 2567 legio
237 2516 395 2567 integra
423 2529 516 2555 esse
543 2517 608 2555 vix
636 2519 781 2569 potuit,
811 2519 922 2557 cuius
950 2519 1180 2571 praefectus
1208 2520 1307 2559 alius
1331 2520 1477 2562 fuisset

105 2584 131 2612 a
152 2571 295 2624 legato.
323 2572 396 2612 Sin
422 2572 592 2625 legionis
619 2586 712 2626 pars
740 2575 948 2618 dumtaxat
971 2575 1096 2618 fuerit
1113 2588 1207 2631 pars
1232 2575 1302 2619 illa
1324 2578 1477 2620 exerci-

196 2736 236 2782 *)
259 2735 348 2774 Veu.
381 2738 444 2775 lib.
476 2740 523 2776 11.
555 2751 634 2786 cup.
662 2741 742 2779 111.
1164 2791 1201 2833 Ε
