1728 3054
211 202 289 238 x1v
622 192 1160 246 PRAEFATIO

210 327 311 366 rum
363 311 604 367 editiones,
646 309 734 362 etsi
778 308 954 355 nullum
997 307 1203 370 suffragii
1245 308 1315 355 ius
1357 305 1590 388 babentes,

209 389 362 426 tamen
403 381 572 427 idcirco
613 377 916 438 inspiciendae
960 383 1086 434 sunt,
1137 384 1231 433 ut,
1256 375 1387 441 quid
1402 376 1592 456 quisque

211 455 517 504 correctorum
539 430 728 506 Velleio
763 447 838 492 vel
870 447 1112 510 profuerit,
1147 447 1220 492 vel
1254 445 1474 513 obfuerit,
1504 461 1591 492 (ιο--ι

209 525 462 579 gnoscatur.
531 516 729 574 Ριὶιιιιιε,
765 523 979 575 quantum
1014 516 1231 577 indagare
1259 515 1511 595 potuimus,
1544 510 1592 569 iu

210 588 387 633 Velleio
421 585 590 644 aliquid
623 593 798 633 mutare
830 586 1013 631 instituit
1045 586 1199 641 Iunta,
1243 601 1271 630 a
1305 586 1480 630 nemine
1514 598 1592 629 su-

209 658 461 717 periurum
471 656 763 722 interpretum
798 654 1046 715 adhibitus,
1093 655 1217 700 cuius
1250 669 1358 700 cura
1391 652 1595 704 Velleius¹

211 726 394 778 accessit
427 725 594 777 Iustino
630 731 674 770 et
707 725 897 784 Nepoti,
934 713 1192 772 Florentiae
1225 721 1371 769 1525.
1397 720 1444 768 8.
1467 717 1591 778 Huic

209 794 413 847 successit
446 793 653 850 Michael
687 793 988 850 vascosanus,
1023 793 1250 853 Velleium
1284 774 1454 852 addens
1485 792 1594 852 Ap-

207 863 331 924 piaui
365 862 656 922 Alexandrini
688 862 878 914 versioni
912 863 1125 919 Latinae,
1159 862 1297 907 Paris·
1321 847 1474 907 1538
1506 860 1589 907 fol.

209 932 333 986 ouius
375 933 484 989 item
527 917 651 983 nulla
694 932 807 976 ratio
860 930 1015 991 habita
1061 937 1126 976 est
1169 932 1227 977 ab
1274 930 1592 993 interpretibus

207 1001 384 1056 Velleii.
453 1001 637 1058 Horum
667 989 944 1060 coniecturas
984 1000 1226 1061 diligenter
1257 1014 1591 1059 commemora-

205 1071 371 1126 vimus,
407 1070 520 1115 sicut
549 1070 626 1114 alii
663 1077 762 1115 ante
799 1085 881 1114 nos
919 1069 1122 1123 fecerant
1159 1070 1205 1114 in
1239 1056 1591 1126 Bonhommaeo

207 1145 255 1184 et
287 1138 523 1200 Gryphio‚
567 1139 645 1198 qui
683 1146 727 1184 et
765 1140 850 1218 ipsi
889 1138 1095 1184 nonnihil
1141 1139 1189 1193 in
1229 1138 1410 1195 Velleio
1447 1153 1592 1204 nova-

205 1214 318 1267 runt.
355 1207 450 1253 Sed
476 1208 526 1252 hi
558 1224 711 1253 omnes
739 1209 932 1268 priscam
962 1208 1204 1263 lectionem
1235 1217 1374 1268 parce
1407 1203 1452 1256 et
1484 1202 1590 1253 mo-

205 1268 333 1330 deste
362 1283 597 1324 tentarunt.
669 1277 782 1323 Mox
812 1283 988 1329 exortus
1014 1283 1108 1335 est,
1143 1277 1222 1337 qui
1260 1283 1328 1322 tot
1369 1292 1442 1333 ac
1461 1276 1592 1338 tantis

203 1348 380 1407 primae
417 1347 622 1391 editionis
660 1348 842 1392 salebris
879 1346 1102 1406 offensus,
1135 1346 1298 1408 insigni
1324 1335 1592 1406 temeritate,

203 1424 355 1476 prope
396 1431 564 1468 novum
610 1422 656 1462 et
697 1432 725 1460 a
769 1415 1068 1466 Rhenaniano
1103 1416 1327 1473 diversum
1363 1416 1591 1461 Velleium

202 1485 514 1546 protruderet,
549 1499 604 1530 ac
639 1485 752 1530 nihil
779 1492 978 1545 moratus
1005 1491 1246 1546 corruptae
1272 1486 1479 1531 lectionis
1510 1500 1592 1530 ve-

203 1556 360 1615 stigia,
403 1555 474 1612 id,
521 1554 647 1614 quod
667 1555 738 1605 rab.
779 1542 985 1607 omnibus
1025 1555 1220 1616 intelligi
1255 1561 1432 1616 posset,
1476 1554 1593 1600 dan—

203 1623 315 1672 dum
356 1624 637 1682 existimaret.
707 1624 839 1680 Quae
878 1624 1046 1669 Velleii
1089 1624 1227 1670 editio
1274 1624 1498 1682 subiecta·
1523 1629 1593 1671 est

202 1693 507 1752 Scriptoribus
545 1693 770 1739 Historiae
816 1694 1077 1754 Augustae,
1123 1699 1225 1747 ante
1263 1691 1441 1744 Erasmi
1481 1707 1592 1738 cura

204 1762 357 1819 editis,
407 1768 450 1806 et
487 1777 594 1806 mox
621 1764 820 1823 repetitis
859 1763 1089 1818 Basileae‚
1133 1761 1259 1828 apud
1296 1761 1590 1842 Ειοῐιθιιὶιιιιι,

203 1829 425 1876 a.l-546.
460 1831 543 1875 fol.
574 1847 666 1876 non
695 1847 735 1875 a.
766 1829 916 1876 1542.
954 1831 1099 1882 uthis
1127 1847 1213 1892 per
1240 1846 1439 1878 errorem
1477 1831 1591 1878 scri-

199 1847 268 1947 bit
301 1901 360 1945 G.
379 1900 576 1944 Vossius
592 1901 652 1945 ad
683 1901 801 1946 Vell.
828 1902 886 1946 11.
913 1900 959 1957 3.
986 1907 1031 1946 et
1061 1898 1142 1945 75.
1172 1894 1435 1958 Burmauno
1455 1914 1590 1948 caus-

200 1985 295 2016 sam
326 1970 547 2028 praebens
567 1968 784 2026 editionis,
820 1986 937 2029 quae
966 1970 1092 2026 nulla
1119 1975 1255 2027 esset,
1288 1963 1588 2029 quaerendae.

199 2039 380 2096 Titulus
407 2038 485 2083 hic
523 2045 610 2083 est:
655 2039 790 2085 Vitae
826 2040 1116 2096 Caesarum,
1151 2052 1356 2104 quarum
1375 2040 1589 2100 scripto-e
1641 2059 1643 2062 ·

198 2122 277 2152 ies
321 2107 392 2164 hi,
445 2106 498 2156 C.
540 2106 791 2157 Suetonius
840 2109 1167 2170 Tranquillus,
1220 2108 1389 2162 Aelius
1419 2108 1589 2170 Spar-

198 2177 356 2221 tianus
390 2182 473 2221 etc.
511 2175 848 2228 Annotationes
879 2178 945 2232 D.
976 2177 1175 2224 Erasmi
1211 2177 1323 2235 Rot.
1357 2183 1403 2224 et
1430 2175 1586 2239 ΒᾳΡί.

197 2244 405 2305 Egnatii
435 2245 483 2293 in
517 2246 639 2290 vitas
672 2246 808 2303 Caes.
840 2247 1156 2313 Accesserant
1182 2246 1231 2291 in
1260 2247 1354 2292 hac
1384 2246 1588 2312 editione

203 2314 370 2367 Vellei-i
399 2313 646 2366 Paterculi
675 2315 784 2360 libri
818 2315 889 2361 ΙΙ.
919 2316 982 2362 ab
1009 2310 1264 2366 innumeris
1293 2302 1460 2362 denuo
1472 2330 1586 2361 ven-

199 2383 353 2438 dicati
395 2382 644 2443 erroribus.
713 2384 941 2441 Basileae
991 2385 1128 2447 apud
1179 2383 1381 2430 Froben.
1435 2378 1584 2438 1646

200 2452 352 2508 Quem
388 2452 566 2507 titulum
604 2468 688 2512 per
727 2454 1056 2504 festinationem
1093 2455 1297 2516 legentes
1328 2452 1511 2509 Vossius
1539 2457 1586 2498 et

198 2521 505 2579 Burmannus,
541 2521 667 2579 quod
695 2521 754 2566 de
783 2524 1087 2584 Scriptoribus
1120 2522 1183 2568 H.
1213 2523 1270 2579 A.
1301 2518 1584 2574 ab'Erasmo,

198 2590 423 2650 castigatis
461 2589 648 2647 dicitur,
685 2592 826 2652 etiam,
858 2593 919 2636 ad
956 2592 1207 2654 Velleium,
1251 2592 1330 2651 qui
1362 2596 1469 2651 post
1503 2605 1584 2636 ac-

195 2660 356 2716 cessit,
390 2664 628 2715 traxerunt.
698 2660 951 2725 Enimvero*
964 2662 1212 2726 >Eirasmurn
1232 2659 1413 2729 ignoret
1439 2673 1583 2731 opor-.-
