1728 3054
211 210 299 252 284

517 205 566 248 0.
603 203 887 248 VELLEH
923 205 1322 250 PATERGUM

213 322 351 383 perii,
395 320 620 373 evocavit3
660 321 876 382 singulari
916 322 963 367 in
997 336 1054 368 eo
1088 324 1284 385 negocio
1319 339 1422 370 usus
1456 339 1599 385 opera
1638 327 1640 329 ’

216 391 392 436 Flacci
415 389 683 450 Pomponii,
738 391 981 439 consularis
1023 391 1132 447 viri,
1187 394 1279 437 nati
1326 393 1387 438 ad
1431 394 1598 449 omnia,

215 475 333 518 quae
378 465 500 505 recte
544 458 752 505 facienda
794 467 916 518 sunt,
968 461 1250 520 simplicique
1293 462 1454 507 virtute
1498 479 1597 508 mee

177 528 352 574 2rentis
386 543 578 588 semper,
614 543 751 586 quam
786 530 1002 591 captantis
1035 530 1245 591 gloriam.
1284 530 1402 576 Cum
1432 537 1598 590 quanta

214 598 462 659 gravitate,
497 603 547 641 ut
578 604 755 642 senator
796 604 841 642 et
873 599 1036 657 iudex,
1071 614 1162 643 non
1196 606 1246 645 ut
1278 600 1517 661 princeps,
1552 605 1598 646 et

214 681 371 712 causas
405 666 596 725 pressius
641 666 800 711 audit?
846 683 983 726 quam
1028 668 1234 713 celeriter
1269 669 1506 730 ingratum
1552 674 1598 714 et

214 750 333 780 nova
379 735 639 780 molientem
694 736 948 796 oppressit?
1002 737 1176 793 Quibus
1227 739 1485 798 praeceptis
1526 738 1598 782 in-
1615 744 1621 755 ·’

215 810 432 850 structum
467 804 791 850 Germanicum
825 821 974 861 suum,
1020 807 1332 866 imbutumque
1364 807 1598 856 rudimen-

214 874 269 918 tis
313 873 497 918 militiae
542 867 694 920 sec'um
743 879 894 930 actae,
943 875 1215 922 domitorem
1255 877 1430 936 recepit
1475 876 1598 922 Ger--

213 942 422 988 maniae?
467 941 644 999 Quibus
685 943 913 990 iuventam
955 945 1050 991 eius
1085 945 1376 1006 exaggeravit
1408 945 1598 1005 honori-

251 1088 407 1131 sormam
441 1087 609 1123 evocavit.
638 1087 784 1123 Videtur
813 1087 874 1122 hic

212 1132 333 1170 deesse
352 1145 435 1180 per,
459 1137 500 1169 ut
521 1135 684 1187 legatur,
703 1145 769 1180 per
785 1136 874 1169 ami-

212 1180 317 1213 citiae
332 1184 488 1223 sormam
511 1182 678 1216 evocavit.
703 1183 872 1215 numm.

213 1226 374 1260 Formam
395 1239 536 1261 sursum
559 1227 596 1261 in
627 1228 769 1262 tertium
792 1240 873 1262 ver-

211 1283 309 1315 sum,
331 1273 423 1307 unde
455 1274 591 1308 incuria
612 1274 752 1308 librarii
781 1274 872 1308 deci-

212 1319 283 1360 dit,
319 1323 518 1364 reponatur.
550 1320 642 1354 Nam
665 1325 704 1355 ut
726 1320 786 1354 hic
809 1332 873 1355 su-

211 1372 345 1409 perest,
377 1365 428 1400 sic
457 1365 563 1400 isthic
593 1367 698 1402 deest.
731 1367 804 1401 Nec
836 1370 876 1401 te

210 1412 364 1450 multum
408 1413 558 1447 moverit
602 1413 730 1454 lectio,
783 1424 874 1458 quae

209 1459 315 1502 paulo
346 1458 493 1493 inferius
525 1459 562 1493 iu
591 1459 753 1505 margine
779 1459 874 1510 posi4

209 1509 247 1539 ta
279 1504 428 1550 legitur-2
468 1516 550 1540 nam
592 1506 771 1549 superiore
810 1506 874 1541 illa

209 1550 355 1586 inferior-
377 1552 467 1591 haec
489 1552 677 1587 inducitur.
702 1553 849 1587 Busan.

257 1621 378 1655 Flacci
410 1621 602 1667 Pomponii,
631 1623 698 1657 De·
717 1633 760 1657 eo
791 1622 874 1657 vide

207 1667 397 1751 2Igei7n5s‘ium
428 1668 475 1703 ad
509 1667 614 1703 Ovid.
657 1668 721 1704 IV.
754 1680 797 1705 ex
829 1669 872 1705 P.

254 1784 417 1818 merentis
435 1795 582 1828 semper,
605 1795 711 1829 quam
729 1788 874 1829 captan-

208 1831 267 1866 tis.
301 1831 518 1865 vascosanus
548 1830 674 1865 edidit:
708 1832 872 1866 merentis

207 1889 343 1921 semper
370 1878 506 1923 magis,
545 1888 650 1922 quam
686 1878 872 1922 captantis.

207 1923 277 1957 Sed
301 1924 418 1968 magis
453 1934 555 1967 saepe
583 1923 723 1966 omitti,
747 1924 804 1958 vel
827 1923 872 1959 ti·

206 1981 309 2005 rones
331 1970 456 2004 sciunt.

254 2039 287 2083 §.
321 2038 354 2072 2.
399 2039 485 2073 Cum
511 2043 646 2083 quanta
704 2039 870 2076 revitate.

211 2085 464 2119 scribendum:
491 2086 568 2119 Iam
593 2050 727 2130 quavfia
746 2086 869 2130 gravi-

206 2137 291 2171 tate.
338 2132 415 2165 Iam
454 2131 650 2166 transitioni
688 2132 869 2174 inservire,

205 2177 426 2213 notissimum
450 2183 512 2213 est.
539 2179 582 2212 11.
612 2178 670 2213 36.
703 2180 781 2221 Ιαηι
807 2190 869 2222 pe-

204 2237 247 2258 ne
280 2236 575 2269 supervacaneum
604 2225 718 2258 videri
745 2229 870 2269 potest.

204 2271 292 2362 gidg
325 2272 457 2307 Duker.
493 2272 540 2307 ad
574 2271 672 2308 Flor..
704 2272 868 2307 Prooem.

234 2344 242 2352 ι
267 2336 300 2351 d·

250 2391 285 2426 et
308 2398 449 2422 caussas
465 2387 618 2435 pressius
636 2387 748 2421 audit.
769 2387 867 2421 Unus

202 2433 408 2467 Perizonius
448 2433 558 2475 vidit,
583 2435 749 2478 ¹pressius
782 2433 866 2476 poni

202 2490 265 2522 pro
297 2479 506 2516 accuratius.
540 2478 612 2514 Cic,
637 2481 744 2514 Tusc.
768 2479 865 2523 Disp-

201 2527 261 2559 lv.
285 2525 320 2559 ⁸1.
346 2526 470 2570 Itaque
494 2527 774 2570 perturbationes
802 2527 865 2560 de—

192 2572 326 2616 finiunt
365 2573 529 2616 pressius.
586 2573 722 2606 Gellius
759 2573 787 2605 1.
827 2572 863 2607 3.

206 2619 465 2662 Theophrastus
503 2624 623 2654 autem
655 2618 864 2663 anquisitum

201 2676 305 2713 super
341 2665 407 2699 hac
441 2676 479 2699 re
520 2666 598 2709 ipsa
635 2670 669 2700 et
709 2665 864 2699 exactius

199 2711 415 2756 pressiusque
444 2723 550 2756 quam
575 2712 693 2746 Cicero
713 2711 862 2745 disserit.

201 2757 381 2803 Frequens
415 2758 485 2793 hac
521 2761 694 2803 potestate
719 2757 862 2793 Mauro-

937 1088 1019 1132 bio,
1053 1100 1087 1124 v.
1110 1101 1142 1128 c.
1164 1087 1201 1124 in
1223 1089 1346 1126 Somn.
1367 1088 1464 1134 Scip.
1487 1089 1514 1124 1.
1537 1088 1597 1129 141.

937 1136 1132 1171 invenietur
1159 1137 1311 1182 pressius
1337 1136 1488 1170 intuenti
1515 1147 1598 1169 nus-

939 1195 1044 1227 quam
1076 1184 1275 1228 interrupta
1311 1183 1484 1216 connexio.
1524 1182 1598 1215 Re-

937 1229 1036 1272 liqua
1069 1229 1144 1263 eius
1176 1230 1256 1263 loca
1287 1228 1382 1263 dedit
1405 1230 1475 1262 Iac.
1500 1229 1595 1263 Gro-

937 1286 1019 1310 nov,
1045 1276 1091 1309 ad
1121 1287 1204 1321 pag.
1227 1275 1287 1310 26.
1321 1275 1381 1309 Sic
1404 1275 1510 1309 etiam
1540 1286 1599 1310 ce-

938 1321 1051 1366 perim
1085 1321 1121 1355 in
1153 1322 1285 1356 Seneca
1315 1322 1359 1355 de
1381 1321 1511 1365 Tranq.
1538 1332 1597 1354 an.

938 1368 972 1402 1.
995 1369 1146 1412 pressius
1172 1369 1180 1377 '
1205 1368 1342 1402 dicium.
1365 1367 1403 1401 in
1424 1366 1598 1411 Appuleio

939 1414 1026 1449 Met.
1051 1415 1093 1458 V.
1115 1425 1161 1458 pa
1189 1439 1199 1449 .
1213 1414 1271 1449 91.
1291 1414 1496 1459 pressiorem
1513 1425 1599 1447 cau-
1640 1435 1649 1437 s

938 1461 1058 1500 telam,
1089 1471 1172 1505 pag.
1204 1461 1262 1495 95.
1282 1461 1468 1505 pressiores
1499 1460 1598 1504 cogi-

938 1508 1100 1541 tationes.
1133 1507 1303 1551 copulam
1335 1511 1370 1542 et
1399 1517 1482 1541 cum
1504 1505 1596 1540 Aldo

938 1553 1025 1598 Nep.
1048 1554 1174 1588 tollere
1197 1553 1333 1591 malim.

985 1601 1167 1645 ingratum
1208 1605 1243 1634 et
1274 1610 1365 1633 nova
1400 1599 1597 1639 molientem

938 1647 1118 1691 oppressit.
1142 1647 1244 1682 Haec
1264 1646 1374 1680 verba
1400 1656 1519 1680 errore
1548 1643 1598 1678 li·-

938 1692 1049 1727 brarii
1074 1692 1283 1737 transposita
1311 1691 1484 1729 videntur.
1515 1691 1598 1736 Ego

937 1739 975 1774 in
997 1739 1139 1774 tertium
1162 1738 1379 1783 superiorem
1398 1737 1598 1784 reponenda

937 1789 1042 1830 puto,
1065 1786 1228 1820 videlicet
1249 1789 1328 1830 post
1341 1787 1498 1829 formam
1517 1794 1598 1818 evo-

939 1833 1044 1866 cavit.
1078 1834 1250 1868 Rmmsm.
1284 1831 1455 1866 Mutilum
1480 1831 1597 1865 locum
1662 1868 1663 1871 Ἴ

937 1878 990 1912 ita
1013 1879 1154 1913 exhibet
1192 1878 1288 1913 Edit.
1319 1889 1371 1921 pr.
1405 1883 1440 1913 et
1472 1887 1597 1916 causas

935 1924 1089 1970 pressius
1122 1925 1224 1959 audit
1269 1935 1374 1969 quam
1410 1921 1595 1964 celeriter?

937 1972 1120 2016 ingratum
1146 1976 1180 2006 et
1207 1982 1299 2006 nova
1315 1971 1509 2007 molientem
1529 1978 1594 2011 op-

935 2018 1069 2062 pressit.
1096 2017 1261 2052 Rhenani
1282 2016 1521 2052 traiectionem
1538 2024 1592 2047 se-

936 2068 1037 2098 cutus
1067 2069 1121 2099 est
1150 2064 1379 2103 Vascosanus.
1418 2060 1485 2100 Sed
1517 2069 1591 2094 m&-

934 2109 1011 2144 iore
1034 2122 1116 2144 cum
1145 2109 1372 2144 similitudine
1401 2106 1476 2141 veri
1504 2105 1598 2140 Edia

936 2160 992 2191 tor
1022 2157 1132 2191 Basil.
1161 2157 1322 2200 elapsum
1344 2165 1466 2189 nomeu
1488 2153 1592 2186 Libo-

934 2214 1014 2237 nem
1035 2202 1237 2243 revocavit3
1267 2202 1359 2247 quod
1380 2201 1425 2235 ab
1448 2210 1490 2233 eo
1512 2202 1592 2243 post

936 2250 1094 2284 celeriter
1116 2249 1289 2293 positum,
1325 2258 1392 2293 ego
1421 2249 1498 2289 post
1528 2256 1590 2289 op-

931 2296 1060 2340 pressit
1081 2307 1209 2339 ponere
1230 2295 1369 2330 malim:
1397 2293 1510 2335 Quam
1535 2302 1590 2324 ce-

934 2343 1052 2376 leriter
1087 2343 1269 2387 ingratum
1311 2344 1345 2373 et
1384 2350 1475 2375 nova
1516 2349 1590 2371 mo-

934 2388 1074 2425 lientem
1114 2388 1278 2432 oppressit
1318 2382 1511 2421 Libonem?
1550 2385 1590 2417 ut

931 2445 1079 2477 sequens
1109 2445 1178 2473 vox
1209 2432 1329 2475 quibus
1373 2441 1500 2465 nomen
1528 2429 1588 2463 Li—

930 2480 1031 2515 bonis
1053 2477 1244 2514 extruserit.
1267 2477 1412 2511 Vossius
1434 2478 1589 2510 Clemen-

929 2532 1001 2562 tem
1034 2526 1199 2560 excidisse
1228 2524 1401 2570 putabat„
1419 2523 1490 2557 Sed
1519 2533 1589 2566 quo

930 2573 1034 2607 modo
1066 2570 1244 2615 Agrippae
1275 2581 1397 2604 serm:
1429 2570 1590 2614 ingratus

930 2620 965 2659 in
988 2616 1197 2653 Tiberium?
1222 2620 1283 2651 aut
1299 2628 1368 2661 quo
1388 2615 1492 2650 modo
1505 2614 1587 2648 Vel-

928 2664 1038 2699 leium
1060 2664 1278 2698 adulatorem
1301 2663 1464 2703 decebat,
1495 2660 1588 2694 vilis-

927 2710 1057 2745 simum
1081 2720 1222 2744 servum
1245 2709 1342 2756 intor-
1363 2707 1501 2744 Tiberii
1521 2708 1587 2744 ho-

927 2761 998 2794 atos
1019 2754 1243 2792 memorare?
1280 2762 1282 2769 ’

1297 2856 1306 2883 Ι
