1728 3054
218 202 297 242 mv
561 195 849 242 nasatcl
894 179 1252 240 nonwmm

218 324 301 355 mo,
329 311 420 352 Non
450 323 501 351 ea
530 309 703 358 scilicet,
730 320 835 360 quae
868 309 968 350 satis
1004 321 1100 351 esse
1124 309 1316 352 censetur
1339 310 1393 352 ad
1420 309 1605 366 adoptio-

219 380 307 420 nes,
336 372 380 408 et
403 379 552 407 nomen
579 366 705 418 patris
729 366 994 406 cumidecore
1017 367 1310 433 sustinendum.
1349 369 1488 409 Annus
1520 369 1606 421 ille,

222 437 303 478 quo
332 428 451 477 pater
477 422 629 472 filium,
666 422 788 462 etiam
815 422 1078 476 adoptitium,
1114 425 1364 478 praecedere
1404 424 1607 475 debuerit,

221 494 370 522 annum
393 481 444 519 ad
474 479 683 518 minimum
711 478 842 520 XVII.
864 481 1109 533 completum
1134 482 1348 534 supponit,
1379 494 1458 533 quo
1482 482 1607 534 filius,

223 549 329 577 anno
359 535 485 588 patris
516 534 665 579 XVIII.
698 536 852 585 editus,
879 538 1060 590 potuerit
1084 551 1108 579 a
1133 544 1251 592 patre
1281 539 1478 590 generari.
1515 539 1607 579 Nec

224 605 323 634 sane
360 605 464 632 anno
500 590 610 632 XIV.
647 591 722 632 filii
757 605 851 633 esse
886 598 1095 647 poterant,
1133 605 1225 635 cum
1264 607 1318 634 ne
1353 595 1609 635 matrimonia

225 650 390 702 quidem
428 652 524 689 ante
558 653 735 689 aetatem
769 650 879 690 illam
915 652 958 691 in
997 652 1177 692 moribus
1219 651 1372 692 fuerint
1414 651 1607 704 legitima.

157 721 159 723 ·
224 705 324 746 Vim
363 710 478 746 certe
517 707 739 757 generandi
766 719 791 747 a
820 707 950 760 prima
983 707 1172 760 lanugine
1199 708 1450 761 populariter
1487 708 1611 749 aesti-

225 762 401 803 mabant,
458 762 559 802 Inde
598 763 715 816 pueri
742 762 788 819 *)
824 763 921 804 olim
950 765 1133 805 investes
1169 765 1287 814 dicti,
1326 765 1610 806 adolescentes

227 823 363 860 autem
391 819 635 873 vesticipes,
664 833 688 860 a
714 819 914 872 lanuginis
940 821 1058 861 huius
1090 822 1204 874 quasi
1226 822 1483 874 vestimento,
1513 835 1611 874 qua-

225 888 317 916 rum
346 888 446 917 sane
479 889 622 917 vocum
655 888 752 918 usus
795 882 882 917 erat
914 879 967 917 ad
1009 879 1226 931 pueritiam
1265 879 1376 925 illam
1412 879 1611 931 antiquio-

225 945 332 982 rem,
361 946 436 986 pro
462 934 661 974 sermonis
687 935 809 974 etiam
836 935 1072 987 antiquioris
1093 948 1190 984 usu,
1216 936 1471 988 potissimum
1496 935 1609 976 refe-

226 990 391 1031 rendus.
448 990 516 1030 Sic
540 995 628 1031 erat
659 993 829 1040 merito,
859 1004 951 1040 cur,
979 996 1145 1045 recepta
1177 992 1274 1032 licet
1302 992 1452 1044 passim
1486 1005 1610 1032 anno-

229 1060 322 1091 rum
346 1046 445 1088 XIV
477 1048 715 1100 pubertate,
744 1049 978 1100 antiquioris
1002 1053 1139 1088 tamen
1164 1049 1268 1089 ratio
1287 1048 1508 1089 haberetur
1538 1049 1612 1089 ali-

228 1117 331 1157 qua,
369 1104 513 1144 saltem
545 1104 590 1144 in
625 1105 921 1158 distinguendis
952 1105 1251 1146 adolescentiae
1287 1105 1453 1145 militiis.
1518 1105 1612 1146 Huc

229 1162 339 1202 enim
367 1161 459 1202 fere
489 1162 726 1213 spectabant
756 1175 898 1202 omnes
931 1162 1026 1202 illae
1067 1162 1213 1202 civium
1247 1162 1289 1201 in
1322 1162 1480 1202 tabulas
1516 1174 1612 1202 cen-

229 1217 368 1259 suales
404 1218 604 1271 publicas,
650 1231 724 1270 pro
763 1223 942 1259 aetatum
977 1220 1161 1269 ratione,
1205 1219 1520 1271 descriptiones,
1559 1219 1613 1260 ad

229 1287 329 1316 usus
361 1274 550 1314 nimirum
577 1275 785 1318 militares.
842 1276 904 1316 lta
930 1289 955 1316 a
975 1276 1155 1316 cohortis
1182 1275 1440 1329 praefectura
1463 1276 1516 1316 ad
1545 1289 1615 1316 su-

227 1331 434 1385 periorem
464 1332 598 1380 illum,
637 1345 757 1384 quem
788 1332 988 1387 appellat,
1024 1333 1250 1373 tribunatus
1279 1333 1480 1384 gradum,
1506 1345 1614 1373 anno

228 1389 373 1429 aetatis
402 1387 531 1429 XVII.
556 1389 762 1438 absoluto,
790 1391 903 1429 urbis
936 1389 1105 1429 labente
1127 1388 1380 1431 Varroniano
1409 1392 1507 1432 752.
1537 1389 1614 1429 ad-

229 1445 437 1485 scenderit
467 1444 662 1486 Velleius.
720 1445 789 1485 Sic
820 1446 892 1485 ino
925 1446 1015 1499 ipso
1046 1458 1171 1496 anno,
1200 1445 1275 1486 sub
1304 1450 1421 1499 patre
1449 1445 1615 1496 Vinicii,

227 1501 294 1541 vel
329 1502 464 1554 potius
491 1502 668 1542 fortasse
695 1506 854 1555 patruo,
885 1502 968 1557 (M.
999 1504 1105 1543 enim
1136 1502 1295 1544 Vinicio
1323 1502 1537 1554 legebatur
1569 1503 1615 1543 in

228 1557 321 1598 MS.
350 1558 386 1598 si
422 1558 593 1598 Burerio
633 1559 860 1608 credimus,
907 1572 999 1600 cum
1040 1564 1158 1612 pater
1191 1558 1363 1609 Vinicii,
1402 1560 1455 1599 ad
1493 1572 1615 1612 quem

230 1615 398 1663 scribit,
437 1615 614 1655 consulis
643 1615 784 1655 consul
812 1617 903 1668 ipse
932 1616 1059 1656 fuerit
1086 1616 1131 1656 P.
1161 1615 1344 1657 Vinicius
1372 1629 1478 1656 anno
1506 1615 1614 1658 Var-

229 1673 398 1711 roniano
425 1675 529 1714 755,
562 1667 642 1712 sed*
676 1672 794 1712 aliam
836 1673 926 1713 MS.
966 1673 1207 1721 lectionem,
1255 1685 1439 1725 quaeque
1485 1673 1615 1726 priori

230 1728 459 1769 sententiae
486 1729 642 1777 faveat,
671 1734 952 1780 repraesentat
979 1727 1220 1784 Rhenanus)
1257 1735 1299 1769 et
1332 1729 1378 1768 P.
1411 1730 1510 1771 Silio
1540 1730 1616 1770 mi-

229 1783 358 1824 litiam
386 1785 497 1824 illam
526 1785 653 1825 fuerit
677 1783 747 1838 **)
788 1786 1041 1837 auspicatus,
1069 1787 1111 1825 in
1139 1786 1337 1834 visendis,
1373 1790 1420 1825 ut
1442 1786 1615 1839 videtur,

229 1841 445 1895 provinciis
478 1842 676 1894 positam,
712 1846 758 1880 ut
786 1847 901 1880 recte
934 1842 1109 1881 fortasse
1147 1842 1374 1881 observavit
1403 1842 1462 1881 Cl.
1488 1843 1615 1882 Hein-

230 1898 327 1939 sius.
397 1897 465 1937 Sic
512 1898 634 1938 etiam
678 1899 891 1937 commode
929 1898 1190 1950 interpretari
1228 1911 1466 1951 possumus,
1506 1899 1616 1950 quod

230 1954 390 1994 dixerat
421 1953 641 2004 Velleius„
663 1966 926 2006 congressum
967 1955 1081 1994 illum
1118 1954 1206 1993 Caii
1248 1968 1340 1994 cum
1372 1955 1616 1996 Parthorum

228 2024 329 2064 rege
367 2011 441 2051 sub
473 2010 767 2064 stipendiorum
806 2024 968 2051 suorum
1009 2011 1123 2051 initia
1158 2012 1389 2064 contigisse.
1455 2013 1617 2066 Nempe

229 2072 275 2109 ut
307 2067 510 2121 stipendia
540 2080 621 2107 non
649 2064 816 2106 militiae
848 2080 944 2107 suae
978 2063 1236 2121 simpliciter,
1272 2068 1349 2108 sed
1374 2069 1616 2120 tribunatus,

229 2125 496 2173 intellexerit3
544 2129 587 2163 et
622 2130 735 2164 recte
761 2124 998 2164 „tribunatus
1043 2125 1242 2177 superiori
1286 2138 1389 2165 anno
1434 2126 1616 2180 suscepti

229 2181 354 2222 initiis
386 2193 647 2233 congressum
692 2181 805 2220 illum
841 2181 1115 2233 assignaverit.
1185 2181 1321 2222 Prima
1354 2184 1463 2222 enim
1501 2183 1616 2223 initia

229 2235 402 2279 militiae
428 2250 526 2277 suae
559 2250 637 2277 non
661 2237 935 2286 intellexisse,
966 2238 1007 2277 id
1037 2251 1133 2278 vero
1160 2242 1245 2278 tum
1275 2253 1299 2278 e
1323 2252 1370 2278 re
1399 2240 1500 2292 ipsa,
1529 2245 1616 2279 tum

230 2308 255 2336 e
285 2295 418 2335 verbis
447 2293 597 2335 Velleii
633 2294 890 2334 manifestum
922 2299 997 2334 est.
1053 2296 1088 2335 Ε
1119 2308 1165 2334 re
1193 2295 1356 2347 quidem
1382 2296 1483 2348 ipsa,
1508 2296 1616 2349 quod

229 2352 415 2394 militiam
443 2351 593 2390 nullam
622 2351 803 2403 legamus
836 2351 1047 2390 decennali
1080 2348 1300 2400 minorem3
1329 2365 1353 2391 e
1378 2353 1512 2394 verbis
1547 2367 1617 2392 au-

229 2414 314 2449 tem
344 2407 514 2456 Velleii,
551 2403 659 2459 quod
695 2420 843 2447 novum
880 2407 960 2447 sibi
999 2408 1125 2448 fuisse
1154 2410 1316 2458 innuat,
1352 2421 1428 2448 nec
1457 2423 1481 2448 a
1509 2410 1616 2449 mili-

229 2466 314 2506 tiae
350 2478 448 2505 suae
477 2464 632 2515 origine
662 2464 855 2513 ductum,
893 2464 1089 2504 honorem
1117 2466 1355 2506 tribunatus.
1414 2465 1617 2507 Procedet

229 2523 392 2562 interim
430 2521 688 2565 nihilominus
725 2521 779 2562 de
818 2521 1112 2574 stipendiorum
1153 2523 1268 2563 initio
1309 2535 1356 2564 ac
1392 2522 1476 2565 fine
1504 2523 1616 2577 prior

229 2615 509 2635 κ

321 2693 358 2762 2
390 2695 482 2732 Fest.
518 2708 551 2752 Υ.
583 2698 691 2742 pubes
726 2702 761 2734 et
798 2709 833 2734 v,
866 2700 1041 2745 vesticeps.

360 2741 378 2786 )
401 2742 487 2779 Vell.
510 2744 572 2779 hb,
598 2745 642 2780 ΙΙ.
667 2755 742 2790 cap.
767 2744 847 2781 101.
