1728 3054
286 196 1234 282 u1sffiou.uom.1.1n.11.cA1·.sa‘

1362 209 1446 249 2οἹ

70 344 160 393 pac
202 345 335 376 omne
376 330 548 375 classici
592 327 840 375 certaminis
883 326 1124 376 arbitrium.
1182 309 1360 368 Caesar
1402 321 1446 366 ei

69 401 187 461 parti
217 400 488 455 destinatus,
522 398 568 448 in
599 411 734 456 quam
769 411 796 439 a
828 395 1006 440 fortuna
1038 398 1297 450 vocaretur,
1340 390 1445 434 ubi-

71 484 159 527 que
210 467 379 522 adserat.

458 466 620 511 Classis
656 463 848 510 Antonii
911 463 1116 523 regimen
1159 460 1444 513 Publicolae,

70 537 291 594 Sosioque
324 536 622 581 commissum.
689 534 752 578 At
793 533 838 576 in
880 538 998 577 terra
1030 532 1228 576 locatum
1273 528 1446 573 exerci-

71 612 165 649 tu‘m
197 603 374 649 Taurus
408 603 629 662 Caesaris,
664 602 846 647 Antonii
874 601 1066 661 regebat
1086 598 1311 645 Canidius.
1346 595 1481 645 [Ibis

70 674 225 717 initum
269 680 493 718 certamen
527 677 614 726 est,
661 671 810 715 omnia
852 670 897 712 in
937 670 1079 713 altera
1122 673 1250 727 parte
1297 666 1439 719 fuere,

72 742 188 798 dux,
221 742 433 801 remiges,
467 740 655 791 milites3
696 740 743 783 in
778 738 917 782 altera
950 738 1066 781 nihil
1099 742 1282 796 praeter
1319 734 1442 778 mili—

71 817 150 855 tes.

229 810 380 854 Prima
433 814 628 868 occupat
676 807 835 867 fugam
886 805 1144 866 Cleopatra.

1223 804 1442 848 Antonius

71 878 281 938 fugientis
313 877 515 936 reginae,
561 891 697 935 quam
737 877 978 936 pugnantis
1020 872 1171 918 militis
1213 860 1306 930 sui,
1361 885 1445 916 co-

72 963 166 992 mes
213 962 307 990 esse
350 946 528 997 maluit3
574 951 617 989 et
662 946 929 1004 imperator,
984 943 1062 1002 qui
1104 943 1150 986 in
1195 942 1444 986 desertores

73 1015 240 1060 saevire
284 1012 526 1069 debuerat,

580 1013 780 1059 desertor
821 1012 1037 1058 exercitus
1079 1011 1146 1055 sui
1178 1011 1321 1055 factus
1367 1014 1446 1056 est.

71 1083 192 1139 Illis,
237 1081 371 1127 etiam
415 1083 617 1128 detracto
661 1083 833 1143 capite,
886 1082 934 1125 in
975 1082 1168 1140 longum
1209 1079 1489 1129 fortissime4

73 1151 309 1212 pugnandi
352 1151 525 1194 duravit
566 1152 832 1202 constantia3
882 1155 928 1195 et
970 1150 1204 1208 desperata
1245 1147 1445 1205 victoria,

73 1222 120 1265 in
152 1217 343 1264 mortem
377 1218 681 1264 dimicabatur.

754 1217 941 1274 Caesar,
985 1232 1099 1276 quos
1143 1216 1266 1260 ferro
1310 1222 1448 1275 pote-

70 1294 143 1337 rat
173 1288 448 1342 interimere,
479 1288 627 1331 verbis
661 1288 860 1332 mulcere
894 1287 1102 1346 cupiens,
1131 1285 1451 1343 clamitansque

76 1363 121 1402 et
154 1356 401 1413 ostendens,
435 1356 602 1415 fugisse
631 1357 890 1411 Antonium,
923 1354 1191 1413 quaerebat,
1226 1368 1312 1413 pro
1341 1367 1449 1412 quo,

77 1431 123 1472 et
156 1440 261 1472 cum
294 1439 385 1483 quo
419 1424 704 1485 pugnarent?
745 1425 807 1471 At
840 1425 927 1485 ini,
972 1437 1076 1471 cum
1117 1422 1196 1468 diu
1238 1437 1327 1483 pro
1363 1422 1489 1476 ab-5

125 1590 345 1633 Publicolae,
380 1591 551 1635 Sosioquc.
588 1591 654 1625 Ed.
676 1602 730 1634 pr.

76 1637 172 1681 turpi
193 1639 334 1671 mendo.
359 1637 474 1671 Pulico
493 1637 732 1681 Laesusioqne,

78 1683 172 1727 quod
209 1684 255 1716 ab
295 1683 441 1717 Editore
471 1683 582 1717 Basil.
612 1684 732 1716 subla-

77 1734 164 1764 tum.
197 1730 227 1762 E
251 1729 384 1762 Velleio
418 1729 651 1763 emendandus
680 1732 734 1763 eet

77 1774 291 1810 Plutarchus
315 1776 444 1809 Auton.
471 1787 550 1819 pag
570 1774 652 1809 945.
682 1775 726 1809 F.

74 1818 265 1860 Ἀπώνιος
285 1818 374 1865 μὲν,
396 1818 441 1856 vd
471 1817 592 1864 δεξιὸν
618 1818 732 1864 κέρας

80 1865 214 1956 ἕξων
202 1867 266 1902 καὶ
277 1865 551 1924 ῌοπλικόλας·
576 1867 729 1904 Κοίλιος

170 1910 215 1948 τὸ
245 1910 459 1955 εὐώνυμον
492 1912 533 1949 ἐν
560 1911 659 1958 μέσῳ
687 1910 729 1948 δὲ

81 1957 244 2000 Μάρκος
259 1957 479 2015 Ὀκτάβιος,
519 1959 582 1995 καὶ
615 1957 728 2000 Μάρ-

79 2016 151 2046 κος
161 2002 346 2060 Ἰνστήϊος,
377 2007 446 2041 Pro
471 2008 623 2048 Κοίλιος
641 2005 730 2040 scri-

79 2053 126 2086 be
158 2047 304 2091 Σόσιος.
335 2052 439 2097 Qllod
466 2064 593 2086 nomeu
622 2063 730 2096 quam

79 2097 179 2132 varie
209 2098 382 2132 scribatur
410 2109 433 2133 a
454 2099 630 2141 librariis,
653 2097 729 2131 Ou-

80 2143 244 2186 dendorp.
284 2144 331 2179 ad
360 2144 501 2179 Sueton.
540 2145 631 2189 Aug.
669 2143 728 2177 1⁴1.

81 2189 240 2224 ostendit.
278 2190 318 2225 C.
347 2189 480 2231 Sosius,
509 2190 638 2224 Consul
660 2189 731 2223 fuit

81 2236 125 2270 A.
146 2236 190 2270 U.
213 2235 254 2269 C.
273 2234 359 2269 722.
391 2240 426 2270 et
454 2236 591 2281 legatus
620 2236 731 2269 Anto-

81 2281 152 2324 nii,
182 2280 304 2316 multis
329 2282 436 2316 rebus
464 2283 572 2328 gestis
600 2281 732 2315 nobili-

80 2330 194 2370 tatus,
240 2331 318 2372 post
352 2339 514 2373 pugnam
551 2327 732 2362 Actiacam

81 2373 222 2408 veniam
250 2373 297 2408 ab
329 2375 490 2418 Augusto
509 2373 730 2418 impetravit,

82 2423 124 2453 ut
152 2422 299 2454 narrant
331 2420 484 2454 Velleius
523 2421 568 2455 11.
600 2420 659 2455 86.
695 2422 733 2454 et

83 2465 154 2499 Dic
193 2465 287 2499 Cass.
322 2466 379 2500 LI.
417 2477 498 2512 pag.
530 2466 611 2501 633.
644 2466 731 2500 LVI.

83 2521 166 2556 pag.
188 2511 271 2545 836.
301 2511 348 2546 At
376 2510 470 2546 idem
490 2512 558 2547 Dio
581 2513 619 2547 L.
646 2522 730 2556 pag.

84 2557 167 2591 614.
196 2556 338 2591 Sosium
370 2557 407 2591 in
438 2559 570 2602 proelio
601 2559 733 2599 navali,

85 2601 190 2645 quod
199 2613 279 2636 eum
310 2604 456 2638 Aruntio
477 2611 557 2639 ante
578 2615 735 2650 pugnam

86 2647 266 2682 Actiacam
295 2649 441 2697 inierat,
484 2651 628 2695 periisse
662 2656 737 2684 tra-

87 2693 157 2734 dit,
197 2694 269 2728 hoc
297 2693 437 2729 nonriue
463 2697 690 2741 reprobarem
712 2707 737 2730 ιι

86 2718 207 2784 nisio
234 2740 282 2776 ad
319 2741 406 2778 h-l.
436 2746 475 2780 et
512 2742 650 2780 Nor-isio
689 2742 736 2779 ad

798 1592 918 1626 Cenot.
957 1590 1030 1625 Pis-
1066 1589 1159 1624 Diss-
1192 1588 1327 1625 1116.
1365 1599 1452 1634 pag.

796 1638 878 1672 284.
910 1637 979 1672 Sed
1011 1636 1087 1680 quis
1110 1635 1284 1670 eruditum
1308 1635 1455 1690 scripto-

795 1696 871 1718 rem
905 1688 980 1718 tam
1009 1694 1048 1716 re
1050 1683 1243 1737 pugnantia
1273 1682 1452 1731 scripsisse

797 1730 941 1764 credat?
981 1729 1052 1763 Alii
1083 1728 1194 1773 igitur
1224 1729 1294 1762 dno
1330 1723 1452 1761 Sosios

793 1776 833 1819 ἰιι
874 1776 1032 1830 partibus
1084 1773 1287 1808 Antonianis
1339 1774 1450 1808 fuisse

793 1815 1031 1866 suspicantur,
1054 1824 1095 1855 ut
1121 1820 1261 1863 Lipsius
1279 1820 1330 1855 ad
1360 1820 1399 1856 h.
1423 1820 1449 1854 Ι.

795 1869 971 1903 Puteanus
990 1868 1048 1914 ‚ad
1068 1867 1121 1903 ..11.
1146 1866 1204 1900 86.
1236 1872 1271 1901 et
1303 1866 1447 1900 Fabric.

796 1914 842 1948 ad
875 1914 978 1948 Dion.
1011 1913 1037 1949 l.
1067 1924 1099 1947 c.
1123 1921 1131 1926 “
1148 1912 1255 1956 Atqui
1301 1912 1449 1947 alterius

796 1959 890 1995 Sosii
921 1971 966 1994 ue
997 1959 1188 2003 vestigium
1226 1959 1367 2002 quidem
1408 1958 1448 1992 iu

792 2007 922 2040 horum
946 2011 1143 2049 temporum
1172 2005 1229 2039 his
1232 2005 1323 2039 toria
1348 2015 1451 2048 repe-
1478 2044 1480 2046 ,

794 2053 893 2087 ritui·-
927 2052 1038 2086 Nobis
1068 2052 1185 2097 igitur
1212 2053 1316 2094 culpa
1343 2052 1380 2085 in
1401 2050 1450 2084 li-

792 2098 929 2133 brarios
963 2098 1152 2142 releganda
1188 2097 1347 2138 videtur,
1387 2096 1449 2140 qui
1520 2096 1522 2103 '

794 2145 831 2178 in
853 2145 965 2177 Dione
986 2145 1026 2178 L.
1059 2155 1142 2198 pag.
1172 2142 1252 2178 614.
1280 2141 1448 2179 Σόσσιον

793 2189 1003 2233 scripserint,
1024 2189 1087 2223 ubi
1107 2190 1183 2233 ipse
1200 2195 1323 2225 auctor
1335 2189 1450 2224 alium

792 2237 953 2281 legatum
981 2235 1234 2277 Antonianum,
1266 2237 1365 2271 cuius
1386 2247 1450 2270 no·

795 2293 876 2316 men
919 2282 1160 2325 ignoramus,
1207 2286 1242 2316 et
1297 2284 1333 2317 in
1378 2282 1452 2315 hac

795 2331 1099 2362 monumentorum
1136 2327 1283 2371 penuria
1312 2339 1452 2373 semper

794 2373 1057 2420 ignorabimus,
1079 2379 1304 2409 memorarat.

843 2422 877 2463 §.
902 2419 936 2453 4.
966 2421 1122 2454 detracto
1144 2422 1268 2464 capite.
1293 2420 1354 2455 Sic
1375 2421 1450 2455 Va·-

796 2476 929 2501 scosan.
962 2471 998 2499 et
1032 2466 1156 2500 Editor
1183 2467 1294 2500 Basil.
1330 2478 1448 2501 emen-

797 2514 924 2546 darunt
949 2511 1160 2556 scripturam
1181 2513 1276 2547 Edit.
1298 2524 1353 2558 pr.
1387 2513 1451 2549 do-

798 2563 944 2593 trectato
967 2559 1093 2602 capite.

844 2604 955 2638 verbis
984 2605 1143 2638 mulcere.
1183 2605 1328 2640 Sallust.
1356 2617 1401 2650 ap
1403 2606 1450 2641 ud

798 2650 965 2685 Priscian.
990 2649 1051 2683 lx.
1079 2661 1162 2695 pag.
1186 2651 1267 2685 8³1.
1291 2618 1401 2687 Deinp
1397 2655 1450 2686 le-

801 2698 879 2730 nita
900 2698 972 2730 iam
1004 2697 1080 2740 ira,
1107 2702 1244 2741 postero
1274 2700 1331 2733 die
1364 2699 1450 2734 libe-

800 2742 933 2778 talibus
953 2743 1066 2778 verbis
1083 2744 1269 2788 permulcet·
1287 2750 1379 2781 unt.
