1728 3054
215 251 275 292 22

178 367 309 408 2tem
345 359 565 405 Graeciae
598 358 646 403 in
679 359 937 405 societatem
971 377 1096 407 suam
1131 362 1412 422 perduceret.

514 243 867 289 C.VELLE11
908 222 1300 288 PATERCUL'I

1477 363 1598 420 Quin

217 429 392 476 Rhodii
426 442 633 486 quoque,
669 428 912 474 fidelissimi
943 437 1072 475 antea
1099 431 1338 487 Romanis,
1383 437 1478 475 tum
1512 433 1600 476 du-

219 500 294 543 bia
328 496 449 555 fide,
485 497 706 557 speculati
740 497 988 557 fortunam,
1031 500 1264 559 proniores
1307 500 1427 560 regis
1460 501 1602 560 parti-

217 569 301 611 bus
336 565 468 609 fuisse
504 566 581 610 visi
623 571 744 611 sunt:

796 574 840 611 et
896 583 975 612 rex
1017 569 1241 613 Eumenes
1285 570 1331 614 in
1371 584 1426 613 eo
1478 569 1605 613 bello

220 634 395 680 medius
430 634 514 679 fuit
549 635 722 691 animo,
757 650 903 696 neque
938 637 1083 698 fratris
1117 639 1272 697 initiis,
1318 640 1467 696 neque
1499 653 1603 682 suae

178 699 454 764 3respondit
487 704 804 751 consuetudini.
841 706 963 751 Tum
996 714 1170 753 senatus
1197 707 1484 767 populusque
1503 703 1606 751 Ross

221 788 377 828 manus
412 773 467 818 L.
502 774 746 819 Aemilium
767 774 973 835 Paulum,
1008 777 1087 835 qui
1123 781 1167 820 et
1200 782 1383 836 praetor
1417 782 1460 821 et
1493 789 1606 821 con-

222 842 292 898 sul
325 841 700 903 triumphaverat,
748 843 892 888 virum
933 845 978 889 in
1022 850 1192 897 tantum
1226 844 1524 901 laudandum,
1559 845 1606 889 in

223 917 441 969 quantum
483 911 677 971 intelligi
721 912 857 956 virtus
908 918 1083 972 potest,
1140 914 1372 959 consulem
1425 913 1606 971 creavit,

224 981 370 1027 filium
404 980 498 1037 eius
531 981 677 1038 Pauli,
713 981 791 1038 qui
826 980 885 1025 ad
908 981 1105 1040 Cannas,
1140 997 1276 1040 quam
1307 984 1608 1042 tergiversan-

224 1055 294 1094 ter
325 1049 625 1109 perniciosam
666 1050 777 1110 reip.
818 1065 1022 1111 pugnam
1066 1051 1245 1106 inierat,
1301 1054 1393 1095 tam
1434 1051 1610 1096 fortiter

185 1118 271 1166 4in
313 1134 367 1164 ea
409 1125 601 1165 mortem
649 1119 836 1168 obierat.

227 1250 298 1286 Sed
322 1261 425 1285 nemo
453 1252 524 1293 est,
548 1250 609 1294 qui
628 1250 782 1294 neseiat,
806 1255 886 1296 post

225 1297 327 1334 toties
347 1297 514 1342 repetitas
534 1297 742 1332 criticorum
763 1299 886 1332 admo-

226 1343 395 1385 nitiones,
437 1342 577 1377 diversa
614 1348 774 1387 tempora
804 1345 887 1378 mil-

229 1390 294 1423 lies
314 1389 426 1434 iungi.
474 1388 562 1423 Vide
592 1400 683 1432 quae
702 1390 887 1424 annotavi-

229 1442 308 1471 mus
330 1436 375 1469 ad
394 1434 506 1469 Rutii.
527 1435 614 1479 Lup.
633 1435 662 1469 Ι.
678 1447 761 1480 pag.
781 1435 840 1471 45.

277 1495 309 1536 §.
334 1492 366 1527 2.
398 1493 490 1535 Quin
507 1492 638 1527 Rhodii
661 1505 804 1538 quoque.
829 1493 890 1528 Sic

230 1540 356 1579 Editor
394 1538 503 1572 Basil.
546 1550 651 1582 quem
685 1539 795 1574 secuti
832 1552 891 1574 su-

232 1598 322 1630 mus.
357 1585 447 1619 Edit.
489 1597 542 1629 pr.
587 1586 717 1628 Quibus
760 1586 891 1622 Rhodii

233 1643 375 1678 quoqne.
398 1631 483 1664 Vide
503 1631 599 1669 adl.
623 1633 657 1666 1

279 1682 361 1712 ante
392 1678 574 1711 Romanis.
609 1678 797 1723 Exemplar
831 1689 893 1713 ve-

231 1727 364 1766 tustum
403 1723 538 1758 habet.
579 1729 687 1761 antea
729 1724 774 1759 R.
815 1725 893 1760 Bu·-

231 1781 317 1805 nen.

279 1816 413 1850 ‘medius
430 1814 508 1858 fuit
524 1815 649 1848 animo.
677 1815 770 1859 Fuit,
800 1817 894 1861 quod

232 1860 400 1896 Heinsius
430 1859 508 1894 tolli
540 1860 656 1901 iubet,
679 1860 779 1893 nobis
808 1872 895 1904 quo-

234 1911 303 1952 que
347 1905 541 1951 elegantius
586 1906 706 1940 abesse
742 1906 894 1943 videtur.

236 1953 355 1998 Quid?
387 1953 417 1987 si
448 1953 627 1996 legamus:
660 1953 831 1986 Eumenes
858 1954 897 1986 in

238 2012 277 2035 eo
305 2001 391 2034 bello
413 2000 566 2042 medius,
599 1998 791 2043 dubiusque
817 1999 898 2032 ani-

239 2047 299 2082 mi.
352 2049 390 2080 ut
422 2046 466 2079 11.
500 2044 557 2080 21.
591 2045 644 2079 ita
673 2056 710 2078 se
745 2045 897 2086 dubium,

239 2093 458 2137 mediumque
503 2091 665 2136 partibus
706 2092 897 2136 praestitit.

243 2140 376 2173 Dubius
423 2149 560 2181 semper
611 2148 692 2172 cum
742 2137 899 2183 genitivo

242 2185 400 2220 struitur.
423 2183 899 2229 Saliust.F1-agm.pag.54.

239 2227 379 2271 Dubius
412 2230 554 2264 consilii.
611 2230 698 2263 Vide
742 2231 901 2264 Draken-

242 2278 369 2312 borch.
395 2277 442 2311 ad
467 2276 546 2311 Liv.
579 2276 740 2311 XXXIII.
774 2276 832 2311 25.
868 2279 903 2311 et

238 2323 470 2406 Oudengzvrp.
509 2323 555 2358 ad
588 2322 685 2360 Hirt.
730 2323 773 2357 de
810 2323 901 2358 Bell.

245 2371 332 2405 Alex

293 2419 324 2460 g.
357 2416 391 2451 3.
429 2416 489 2461 qui
529 2419 562 2450 et
587 2420 732 2460 praetor
763 2420 798 2451 et
827 2427 906 2449 con-

247 2464 304 2497 sul
341 2463 629 2506 triumphaverat.
677 2461 763 2496 vide
807 2461 908 2496 Peri-

247 2521 324 2544 znn.
360 2509 544 2544 Animadv.
569 2508 713 2545 'Histon
745 2520 818 2554 cap.
846 2509 905 2543 Vl.

249 2567 331 2599 pag.
351 2556 432 2589 211.

295 2603 333 2634 in
381 2606 519 2636 tautum
578 2601 815 2642 laudandum,
870 2600 908 2634 ἰπ

250 2652 418 2692 quantum
453 2648 606 2692 intelligi
635 2648 744 2682 virtus
781 2652 907 2692 potest.

250 2694 406 2729 Eandem
433 2694 600 2737 loquendi
626 2694 778 2728 formam
808 2705 909 2738 repe-

251 2740 297 2775 t'it
318 2741 360 2775 11.
371 2739 428 2774 43.
451 2741 519 2774 viri
542 2741 579 2774 in
597 2745 736 2776 tantum
752 2741 849 2782 boni,
870 2740 909 2773 in

235 2792 421 2831 -quantum
445 2788 599 2821 humana
625 2784 828 2831 simplicitet
854 2786 910 2820 in-

905 1120 949 1164 Is
993 1121 1176 1165 Persam
1219 1119 1391 1180 ingenti
1432 1120 1610 1180 proelio

952 1251 1069 1297 tellegi
1094 1255 1219 1296 potest.
1251 1252 1294 1286 11.
1331 1251 1412 1287 114.
1447 1263 1548 1297 quem
1573 1252 1611 1286 ἰπ

952 1303 1120 1343 qnantum
1147 1299 1288 1343 quisque
1309 1304 1373 1334 aut
1395 1310 1610 1343 cognoscere,

954 1349 1017 1379 aut
1036 1345 1232 1389 intelligere
1253 1345 1384 1389 potuit,
1408 1346 1446 1378 in
1473 1350 1611 1381 tantum

953 1391 1105 1424 miratur
1129 1401 1170 1424 ac
1203 1391 1333 1435 diligit.
1373 1391 1440 1424 Ios.
1478 1392 1611 1425 Merce-

954 1447 1015 1470 rus
1042 1436 1089 1469 ad
1108 1435 1254 1479 Septim.
1274 1437 1319 1470 de
1336 1436 1380 1470 B.
1401 1437 1466 1474 Tr.
1492 1438 1537 1472 11.
1554 1437 1612 1472 32.

955 1482 996 1516 in
1029 1486 1188 1524 tantum,
1217 1483 1255 1518 in
1285 1487 1476 1527 quantum,
1521 1483 1616 1527 quod

956 1526 1278 1571 frequentissimum
1310 1532 1362 1564 est
1384 1528 1517 1564 Velleio
1552 1540 1616 1573 pro

957 1578 1115 1615 tantum,
1139 1579 1330 1617 quantum,
1353 1579 1392 1609 ut
1418 1575 1532 1611 minus
1547 1576 1617 1610 La-

959 1620 1093 1662 tinum,
1131 1620 1287 1655 damnat.
1329 1621 1525 1671 Argenteae
1558 1633 1617 1655 ae-

956 1665 1026 1700 tati
1064 1665 1224 1700 vindicat
1277 1666 1431 1701 Vossius
1464 1668 1508 1701 de
1547 1668 1617 1702 Vit.

961 1712 1074 1748 Serm.
1097 1712 1160 1747 IX.
1184 1712 1240 1746 11.
1274 1711 1344 1746 Sed
1374 1713 1528 1749 melioris
1558 1724 1619 1748 ae-

962 1758 1044 1793 tatis
1074 1769 1171 1798 esse,
1202 1757 1259 1792 his
1283 1759 1496 1803 exemplisp
1499 1760 1619 1795 lanum

960 1804 1033 1839 fiet.
1088 1804 1187 1848 Vix-g.
1219 1804 1306 1842 Aen.
1336 1806 1395 1840 Vl.
1430 1805 1512 1840 876.
1544 1806 1619 1841 Nee

958 1861 1048 1895 puer
1085 1850 1197 1882 Iliaca
1227 1849 1408 1893 quisquam
1439 1853 1484 1884 de
1514 1857 1621 1896 gente

963 1896 1108 1930 Latinos
1157 1895 1200 1928 Ιπ
1239 1899 1377 1928 tantum
1419 1905 1478 1938 spe
1523 1899 1622 1931 tollet

965 1952 1060 1974 avos.
1085 1939 1188 1975 Ovid.
1213 1941 1297 1974 Met.
1323 1941 1384 1976 XI.
1402 1940 1461 1975 71.
1489 1941 1621 1987 Quippe

962 1987 1090 2032 pedum
1102 1986 1242 2031 digitos,
1265 1987 1303 2021 in
1325 1992 1492 2032 quantum
1515 1998 1624 2032 quae-

964 2044 1030 2078 que
1053 2037 1173 2066 secuta
1196 2030 1520 2074 est‚'1'raxit.ubi
1544 2033 1625 2067 vide

964 2045 1513 2115 Bnrm.1.iv.xxl1.27.1n
1534 2084 1626 2114 tan-

965 2130 1040 2161 tum
1072 2136 1171 2159 suam
1205 2125 1414 2169 felicitatem
1444 2126 1625 2160 virtutem-

967 2183 1033 2217 que
1056 2172 1229 2206 enituisse.
1253 2171 1388 2207 Seneca
1411 2172 1516 2207 Pater
1535 2173 1626 2206 Gon-

968 2223 1057 2253 trov.
1091 2218 1153 2251 111.
1185 2228 1270 2262 pag.
1309 2218 1390 2253 121.
1433 2218 1626 2261 sufficiebat

970 2265 1061 2300 enim
1083 2264 1156 2306 illi,
1186 2265 1224 2298 in
1257 2270 1426 2308 quantum
1454 2265 1626 2304 voluerat,

971 2310 1375 2392 ‘ffplicssss‘gvssis'gffle
1405 2310 1560 2346 Gronov.
1582 2310 1627 2345 ad

1003 2368 1050 2392 lv·
1237 2382 1246 2393 ⁸
1317 2381 1326 2390 ⁸

1019 2404 1056 2437 in
1081 2414 1123 2437 ea
1154 2408 1299 2437 mortem
1331 2403 1473 2438 obierat.
1505 2402 1629 2437 Exem-

972 2449 1051 2494 plar
1083 2452 1182 2483 vetus
1215 2449 1340 2483 habet:
1379 2450 1417 2483 in
1437 2459 1491 2483 'ea
1521 2453 1630 2493 morte

973 2496 1117 2531 obierat.
1141 2495 1220 2539 Ego
1243 2495 1431 2540 legendum
1454 2495 1630 2538 suspicet-2

973 2543 1011 2575 in
1052 2553 1090 2575 eo
1133 2542 1249 2575 Marte
1296 2542 1440 2576 obierat.
1485 2543 1630 2577 Bonna.

973 2588 1095 2630 Inepta
1123 2587 1343 2630 coniectura,
1375 2599 1482 2632 quam
1514 2591 1631 2622 tamen

958 2659 962 2662 Δ
974 2634 1112 2668 Iuntina
1135 2634 1279 2678 recepit.

1022 2693 1054 2737 §.
1080 2691 1114 2726 4.
1141 2692 1293 2726 Persam.
1318 2691 1433 2734 Alias,
1460 2690 1632 2724 Perseum.

974 2739 1145 2774 Rnemn'.
1177 2739 1216 2772 111
1240 2741 1445 2782 receperunt
1474 2738 1564 2771 lunt.
1599 2738 1635 2770 et

975 2785 1099 2820 Editor
1122 2785 1232 2819 Basii.
1264 2785 1371 2819 Male.
1403 2782 1492 2818 Vide
1521 2781 1635 2816 senli-
