1728 3054
152 138 239 229 aas
441 173 505 220 ic.
535 172 813 216 vntum!
863 160 1255 218 eumcum

157 289 279 346 stris,
323 303 380 333 an
415 288 604 334 meliore
648 290 696 334 in
739 295 865 353 toga.
938 290 1059 347 Qui,
1105 296 1215 355 postv
1248 306 1420 352 paucos
1463 308 1546 340 an·

156 364 240 404 nos'
272 360 517 418 proconsul
545 359 592 403 in
619 359 790 416 Africa,
822 366 1083 414 ornamenta
1114 360 1409 421 triumphalia
1440 377 1547 409 eum

159 427 468 488 appellatione
501 428 790 488 imperatoria
824 430 999 474 meruit.
1046 429 1106 474 ad
1141 429 1382 491 Hispanias
1416 445 1547 477 exer-

157 498 388 555 citumque
421 497 676 555 virtutibus,
721 498 1105 558 celeberrimaque
1149 499 1196 543 in
1238 499 1422 559 Illyrico
1457 501 1545 546 mi-

157 563 297 623 litia,
313 563 639 625 praediximus,
683 581 788 612 cum
823 568 1015 629 imperio
1052 565 1297 624 obtineret,
1339 569 1386 612 in
1420 585 1543 615 sum-

151 650 234 679 ma
267 650 410 696 pace,
445 638 597 695 quiete
635 637 871 690 continuit3
917 651 1021 690 cum
1057 636 1098 682 ei
1131 637 1274 696 pietas
1306 638 1551 684 rectissima
1603 636 1613 644 ’

158 704 400 764 sentiendi,
452 710 497 750 et
530 706 768 751 auctoritas
802 721 919 765 quae
954 705 1170 750 sentiebat
1205 705 1443 765 obtinendi·
1469 723 1546 753 su-

158 779 372 833 peresset.
443 773 580 820 Cuius
615 790 770 821 curam
806 789 861 820 ac
895 774 1037 820 fidem
1071 775 1314 820 Dolabella
1348 790 1548 836 quoque,

160 843 229 887 vir
269 842 563 903 simplicitatis
607 844 998 906 generosissimae,
1048 844 1094 889 in
1148 843 1371 890 maritima
1413 852 1549 907 parte

159 911 330 972 lllyrici
363 927 448 973 per
481 914 632 958 omnia
664 914 861 958 imitatus
896 918 976 959 est.

299 980 434 1027 CAP.
476 982 683 1028 CXXVI.
737 975 917 1027 Horum

965 946 1094 1026 ivl.
1142 994 1360 1025 annorum
1406 996 1548 1042 opera

160 1049 280 1110 quis,
318 1065 420 1097 cum
455 1053 600 1097 insera
636 1052 779 1098 oculis
813 1051 1058 1110 animisque
1093 1049 1319 1108 omnium,
1354 1051 1401 1095 in
1434 1066 1546 1111 par-

160 1184 573 1266 vzissmrrffl'dfflmffi
582 1185 823 1267 Ἢωέἴῖἕξ

160 1276 332 1321 Lipsium.

207 1323 256 1357 ad
281 1323 484 1367 Hispanias.
514 1321 676 1367 Exempl.
699 1325 823 1359 vetust.

159 1369 291 1404 habet:
345 1370 393 1403 ad
434 1370 638 1414 Hispanias.
679 1370 823 1406 Bonna.

160 1417 280 1461 Lege,
315 1420 421 1461 atque
445 1415 660 1460 Hispanias,
683 1421 719 1451 et
743 1426 824 1450 cum

161 1462 452 1507 praecedentibus
507 1463 694 1508 coniunge.
750 1463 825 1506 Ac,

162 1509 256 1554 quod
279 1509 373 1543 Edit.
401 1520 454 1553 pr.
481 1508 610 1552 habet,
647 1520 826 1554 nunquam

163 1559 243 1590 ante
273 1555 435 1610 yocalem
468 1555 574 1601 poni,
605 1555 694 1591 iam>
717 1566 827 1601 supra

161 1612 374 1637 moummuS.

214 1660 467 1705 praediximus.
525 1658 597 1694 Ceu
630 1689 631 1692 ,

163 1717 252 1748 mus,
269 1707 330 1740 vel
355 1717 417 1750 per
439 1706 658 1750 parenthesis
679 1707 825 1740 modum

164 1753 471 1798 (praediximus).
522 1753 662 1788 Arridet
707 1755 826 1787 tamen

164 1800 255 1834 mihi
279 1799 417 1844 magis,
439 1802 478 1834 ut
498 1799 700 1844 praeditum
723 1800 825 1844 lega-

164 1850 246 1888 tur,
287 1847 357 1879 hoc
387 1846 512 1879 modo:
557 1857 599 1880 ac
633 1846 826 1890 Hispanias

165 1892 417 1937 exercitumque
448 1892 654 1934 virtutibus,
678 1893 826 1926 celeber-

163 1939 324 1983 rimaque
351 1940 390 1972 in
414 1939 548 1983 Illyrico
572 1938 699 1972 militia
720 1949 826 1982 prae-

165 1985 297 2026 ditum,
331 1996 435 2030 quum
467 1985 610 2029 imperio
643 1985 826 2026 obtineret,

163 2032 203 2066 iu
226 2042 361 2065 summa
382 2042 472 2076 pace
494 2043 536 2064 ac
559 2031 672 2076 quiete
701 2032 825 2066 tenuit.

165 2078 257 2113 Nam
302 2078 415 2112 innuit
459 2077 633 2120 Velleius,
686 2077 826 2111 Iunium

165 2125 312 2158 Blesum
357 2135 417 2159 eas
449 2124 589 2168 copias,
634 2124 762 2167 quibus
790 2123 827 2157 in

167 2170 310 2215 Illyrico
333 2170 485 2205 feliciter
509 2171 719 2214 praefuerat,
743 2181 827 2214 pau—

167 2217 204 2250 lo
235 2220 315 2261 post
347 2217 384 2251 in
423 2216 581 2256 Africam
621 2216 827 2260 traduxisse,

167 2262 280 2308 priori
312 2263 442 2298 militia
474 2275 581 2307 quam
613 2263 650 2297 in
682 2242 828 2308 Illyrico

167 2310 323 2344 fecerant
367 2310 516 2344 nobileis
562 2321 604 2344 ac
648 2309 739 2354 insig,
728 2309 828 2343 neis.

167 2355 320 2390 Proinde
361 2356 587 2391 Dolobellam
623 2355 730 2389 huius
764 2367 827 2389 cu-

167 2413 247 2436 ram
278 2413 320 2436 ac
359 2403 464 2437 fidem
498 2402 676 2437 imitatum
708 2401 830 2436 scribit

167 2448 334 2482 nimirum
364 2453 403 2483 ut
435 2448 509 2483 iam
539 2448 702 2484 absentis.
728 2449 831 2482 Run-

169 2506 253 2529 NAN.
280 2495 357 2529 Non
391 2495 534 2536 dubito,
567 2495 652 2538 quin
685 2505 772 2529 vera
794 2498 831 2529 et

168 2552 341 2586 germana
382 2541 512 2575 Velleii
554 2540 659 2575 lectio
689 2540 741 2575 sic
773 2552 830 2575 so-

169 2588 284 2621 nuerit
308 2588 415 2621 olim:
438 2588 760 2631 celeberrimumque
791 2588 830 2621 in

168 2635 304 2678 Illyrico
327 2635 502 2676 militiam,
524 2639 563 2668 ut
580 2634 830 2678 praediximus,
864 2637 872 2639 ξ

166 2680 359 2724 (praedixit
381 2685 499 2715 antem
522 2681 630 2723 paulo
652 2680 829 2734 superius)

169 2738 247 2761 cum
278 2727 421 2772 imperio
453 2727 634 2762 obtineret.
668 2726 743 2762 Nec
773 2725 829 2760 vi-

645 1659 825 1704 praedixi-
840 1665 843 1668 ’

891 1184 977 1227 deo,
1009 1194 1072 1218 cur
1105 1182 1167 1218 hic
1196 1181 1270 1228 legi
1299 1181 1424 1218 debeat
1444 1193 1549 1228 prae-

891 1231 1016 1272 ditum,
1039 1241 1132 1272 cum,
1155 1229 1187 1264 si
1208 1229 1260 1264 sic
1281 1229 1410 1274 legas,
1424 1229 1550 1264 velleii

891 1276 1062 1311 sententia
1098 1277 1186 1310 bene
1217 1275 1373 1320 quadret.
1406 1275 1552 1311 Eum.
1607 1306 1609 1310 .

891 1323 1006 1358 Locus
1049 1323 1158 1357 durus
1196 1326 1232 1357 et
1270 1321 1453 1366 insuavis,
1493 1322 1552 1357 cui

892 1370 1016 1413 plura,
1049 1379 1158 1413 quam
1187 1373 1228 1403 ut
1260 1371 1341 1402 ante
1371 1369 1552 1412 praedixi-

891 1427 981 1457 mus,
1004 1415 1124 1450 deesse
1143 1414 1318 1449 videntur.
1336 1414 1444 1449 Forte
1465 1414 1553 1449 scri-

891 1441 1066 1496 bendum.
1099 1465 1204 1506 atque
1236 1461 1431 1505 Hispanias
1454 1472 1552 1495 exer-

893 1510 1066 1553 citumque
1095 1507 1280 1542 virtutibus
1312 1508 1554 1543 celeberrima-

892 1566 959 1600 que
982 1555 1020 1589 iu
1045 1555 1183 1599 Illyrico
1205 1553 1355 1596 militia,
1386 1559 1427 1588 ut
1445 1565 1554 1599 prae-

894 1602 1061 1643 diximus,
1093 1612 1168 1635 cum
1206 1601 1350 1645 imperio
1383 1601 1554 1644 obtinens,

893 1649 931 1683 in
967 1658 1100 1682 summa
1130 1658 1218 1692 pace
1249 1658 1292 1687 aa
1327 1647 1443 1692 quiete
1473 1658 1553 1682 cou-

890 1695 1008 1730 tinuit.

937 1741 975 1775 in
1026 1739 1206 1774 maritima
1255 1742 1359 1794 parte
1406 1738 1555 1784 Illyrici.

893 1788 999 1822 Hunc
1022 1785 1150 1820 Velleii
1171 1787 1288 1820 locum
1318 1784 1349 1820 si
1381 1785 1573 1820 Cellnrius'

893 1831 1444 1878 Geogr.Antiq.T.1.p.ag
1471 1831 1554 1868 486.

893 1879 1095 1915 contulisset
1117 1890 1199 1913 cum
1216 1877 1332 1923 lapide
1350 1879 1442 1923 apud
1457 1878 1554 1912 Gru-

893 1930 957 1961 ter.
981 1936 1066 1972 pag.
1086 1925 1167 1960 396.
1190 1925 1224 1959 1.
1259 1933 1364 1968 quem
1395 1925 1554 1959 civitates

892 1966 1457 2054 fxffgfiiss'ffi35335335103221535‘
1479 1972 1554 2052 ¹}3‘

1452 2040 1464 2058 ‚
1535 2036 1555 2043 ..

892 2065 1067 2110 perierem
1089 2063 1308 2108 provinciam
1328 2062 1464 2108 lllyrici
1484 2075 1556 2119 non

893 2113 1023 2153 aliam,
1053 2110 1123 2146 nisi
1145 2109 1381 2152 maritimam,
1404 2121 1479 2144 esse
1500 2109 1555 2144 in-

894 2157 1167 2194 tellexisset.1u
1195 2155 1292 2191 Edit.
1316 2155 1396 2191 Aldi
1432 2155 1556 2212 Nepet.

895 2216 960 2250 per
990 2215 1177 2247 operarum
1206 2214 1362 2237 errorem
1402 2201 1554 2249 legitur.

895 2253 933 2285 in
964 2251 1119 2285 maxima
1150 2255 1252 2295 parte
1275 2249 1415 2293 Illyrici.
1461 2249 1555 2293 quod

895 2297 1010 2332 minus
1033 2296 1259 2337 considerate,
1282 2299 1448 2339 tanquam
1472 2295 1556 2329 Vel·

892 2344 955 2379 leii
973 2354 1129 2384 manum,
1144 2341 1293 2386 arripuit
1315 2342 1553 2376 Burmannus.

940 2401 1040 2435 GAP.
1070 2400 1224 2434 cxxvi.
1252 2402 1285 2443 §.
1313 2400 1349 2434 1.
1388 2410 1465 2434 cum
1494 2399 1555 2433 ἰη-

896 2453 992 2482 serta
1009 2447 1089 2481 sint.
1113 2447 1272 2490 Exempl.
1283 2449 1411 2481 vetust.
1427 2446 1555 2485 habet:

897 2505 975 2528 cum
997 2494 1113 2527 inser-a
1136 2494 1242 2527 oculis
1265 2497 1331 2526 etc.
1356 2493 1453 2537 Ego,
1478 2503 1556 2525 cum

896 2542 1029 2575 inserta
1052 2539 1157 2574 oculis
1179 2539 1370 2584 animisque
1392 2538 1556 2579 omnium,

895 2587 1072 2631 legerem.
1086 2586 1228 2620 Buumz.
1244 2585 1465 2628 Legeudumz
1477 2595 1556 2618 cum

897 2635 1061 2667 universa
1085 2633 1154 2666 sint
1177 2633 1215 2665 in
1236 2632 1342 2666 oculis
1363 2631 1555 2676 animisque

898 2680 1068 2720 omnium,
1088 2679 1248 2723 partibus
1269 2677 1493 2732 eloquatur?
1502 2677 1556 2711 De

896 2737 982 2762 voce
1013 2725 1175 2761 universa
1203 2724 1419 2761 restituenda
1447 2722 1555 2759 etiam
