1728 3054
342 215 424 256 DE·
470 212 776 256 vulsum-0
815 207 1232 255 ‘PATn-neuno
1363 213 1474 251 cxix

93 331 184 368 σιιή
225 325 385 368 Velleio
416 325 699 377 *comparandis
736 328 782 365 et
817 325 996 366 editores
1031 324 1120 365 iam-
1143 327 1247 364 ante
1281 320 1348 364 ine
1376 335 1472 376 ope·

93 397 198 425 m
208 395 323 436 suam
347 386 597 435 posuerunt,
635 387 700 422 et
703 381 803 434 ipse
837 381 880 421 in
916 382 1095 422 editione
1131 379 1310 434 paranda
1336 379 1470 419 denno

92 441 171 479 hac
209 439 262 479 de
301 452 347 479 re
386 439 586 486 laboravi,
623 438 798 477 nondum
841 451 937 477 usus
975 438 1034 479 Cl.
1065 436 1380 488 Morgensternii
1406 436 1471 475 dia-

92 496 297 548 ligentia,
330 494 401 546 qui
442 494 484 534 in
521 494 867 534 commentatione
903 507 978 534 sua
1019 501 1150 545 supr:
1167 493 1274 533 laud
1312 486 1392 532 hoo
1426 493 1468 532 in

93 562 256 603 genere
273 546 429 592 multus
465 550 672 590 fuit.1ta
704 550 889 598 factum,
932 555 978 590 ut
1013 550 1157 590 multis
1190 551 1234 589 in
1270 549 1369 589 locis
1403 550 1469 589 vei

91 608 221 653 mulae
244 607 346 649 Mei
373 607 438 646 vel
464 597 703 646 adulationis
729 606 908 656 macula,
947 620 972 646 a
1009 606 1147 658 Lipsio
1185 606 1361 646 maxime
1397 606 1469 645 ad-

91 671 263 716 sperne,
289 677 325 704 a
350 661 509 703 Velleio
543 662 737 701 abstersa
763 662 837 709 sit,
875 667 1022 714 utque,
1059 663 1095 701 si
1122 663 1250 714 iniqui
1278 674 1369 702 esse
1396 674 1468 702 no—

91 720 240 768 lium
261 711 453 760 Nostrum
477 719 520 758 in
545 718 712 770 reliquis
741 726 924 770 quoque,
954 719 1101 770 quibus
1134 719 1270 758 desint
1298 719 1468 760 alioruin

92 777 344 825 testimonia,
360 774 469 815 haud
496 772 722 826 improbum
749 786 845 814 esse
870 779 1089 819 auctorem..
1117 771 1378 814 iudicandum
1400 774 1466 826 sit,

89 833 269 874 maxan-
289 838 396 879 οιὶιιι,
423 831 687 872 consideratis
714 831 978 884 temporibus,
1006 831 1120 878 locis,
1147 832 1270 870 rebus
1297 844 1344 870 ac
1371 844 1467 884 per*-

88 889 223 938 mint.
247 887 438 938 interna,
472 900 592 940 quam
618 892 794 937 vocant,
820 887 1061 928 narrationis
1101 885 1338 928 Velieianae
1370 899 1466 939 pro-

88 946 278 987 habilitas
308 949 502 996 emergat.
596 975 597 978 η

104 1022 109 1027 <
166 1000 421 1043 ..Ὺὶᾱειιιιιιιε
454 1001 655 1052 deniqne,
691 999 789 1052 quid
824 999 978 1039 damniv
998 999 1077 1039 ista
1114 997 1211 1038 fidei
1251 1001 1465 1049 suspectae

89 1062 131 1098 et
170 1058 408 1102 adulationis
444 1057 690 1105 criminatio,
727 1069 805 1108 qua
841 1069 894 1096 ne
932 1056 1038 1108 apud
1068 1055 1256 1107 aequales
1286 1054 1464 1106 quidem,

87 1119 132 1156 et
158 1115 329 1166 proximi
356 1114 443 1153 aevi
470 1109 677 1160 homines,
707 1117 864 1153 temere
891 1113 1130 1160 iudicantes,
1160 1110 1341 1152 caruisse
1368 1123 1464 1163 pro-

88 1171 345 1217 babileest,
388 1170 474 1209 eius
511 1170 703 1222 opusculo
749 1169 934 1208 attulisse
970 1169 1165 1208 videatur.
1231 1166 1346 1208 Vidit
1384 1166 1464 1206 hoc

87 1227 240 1280 primus
282 1225 480 1272 Herelius
523 1228 564 1265 in
608 1225 704 1266 lerit.
743 1225 970 1266 Beobacht.
1007 1225 1110 1265 iiber
1150 1224 1233 1264 den
1281 1222 1465 1264 Velleius

86 1295 176 1336 pag.
205 1287 244 1325 Ί.
283 1287 366 1322 not.
405 1283 474 1334 qui
509 1283 605 1322 inde
642 1295 801 1337 causam
839 1283 917 1321 sibi
955 1283 1155 1334 reperisse
1182 1280 1363 1330 videtur,
1391 1291 1464 1320 cur

86 1351 232 1379 nomen
277 1340 486 1392 scriptoris
534 1338 663 1379 nostri
705 1339 788 1378 iam
829 1338 937 1378 inter
986 1344 1144 1378 veteres
1193 1339 1462 1385 obscuratum,

89 1396 256 1447 eiusque
305 1408 406 1448 opus
452 1395 574 1434 haud
607 1395 854 1435 celebratum
900 1395 1036 1435 fuerit.
1108 1394 1227 1446 Apud
1274 1392 1463 1458 aequales

89 1453 225 1506 enim,
248 1452 317 1503 qni
346 1451 459 1491 aulae
487 1464 624 1490 auram
652 1452 886 1504 captabant,
914 1451 1023 1490 haud
1053 1451 1174 1511 dubie
1204 1450 1288 1489 laus
1319 1448 1464 1488 eximia

87 1502 235 1548 Seiano
285 1507 570 1547 scelestissimo
626 1506 780 1546 homini
826 1508 979 1547 tributa
1035 1512 1128 1559 post
1178 1506 1265 1545 eins
1311 1504 1463 1557 suppli-

86 1565 195 1605 cium
221 1563 354 1604 famae
380 1563 528 1604 Velleii
556 1564 708 1612 obfuit3
744 1564 859 1615 sique
895 1564 1005 1602 inter
1031 1563 1247 1615 participes
1277 1561 1463 1600 consilio-

88 1628 179 1661 rum
215 1620 333 1660 istius
361 1623 492 1659 morte
522 1620 620 1667 luit,
660 1625 865 1660 auctorem
906 1632 1004 1659 sane
1044 1620 1135 1658 talis
1176 1618 1348 1658 encomii
1384 1629 1464 1656 una

89 1688 180 1716 cum
208 1686 334 1729 opere
360 1689 435 1716 suo
463 1676 653 1717 detestati
680 1682 786 1718 sunt.
844 1676 934 1717 Alia
974 1688 1072 1719 saue
1100 1688 1194 1728 pars
1225 1673 1463 1725 aequalium,

89 1733 257 1773 Tiberio
291 1731 562 1780 infensorum,
609 1733 761 1786 sprevit
806 1733 1045 1785 scriptorem
1084 1731 1312 1783 Principem
1350 1730 1463 1769 dete-

87 1788 271 1828 stabilem
300 1788 502 1831 serviliter
529 1789 769 1830 adulantem.
826 1789 981 1828 Neutra
1021 1801 1115 1840 pars
1152 1800 1286 1838 neque
1325 1786 1463 1837 legen-

86 1845 153 1893 di,
200 1857 332 1896 neque
367 1845 623 1885 describendi
662 1845 796 1898 operis
835 1845 980 1897 cupida
1022 1844 1110 1884 ruit.
1178 1844 1257 1894 Qui
1297 1843 1463 1894 aequius

85 1900 336 1951 iudicabant,
365 1902 440 1941 sed
466 1903 674 1955 pauciores
700 1901 910 1957 profecto,
949 1901 992 1940 hi
1020 1901 1097 1940 soli
1126 1900 1323 1939 occultass
1305 1912 1375 1946 s,e
1403 1898 1463 1937 le-

87 1958 251 1998 ctitasse
276 1963 320 1997 et
345 1957 611 2010 descripsisse
637 1959 829 1998 Nostrum
858 1958 1064 2006 videntur,
1110 1970 1161 1996 ne
1188 1957 1231 1996 in
1265 1954 1462 2007 Principis

83 2015 309 2076 saevissimi
337 2015 604 2066 suspicionem
643 2019 685 2054 et
722 2015 910 2054 invidiam
951 2014 1188 2054 inciderent.
1258 2012 1319 2051 Ita
1357 2012 1464 2050 inter

87 2065 237 2123 paucos
281 2076 433 2111 tantum
476 2072 718 2123 diuulgatnm
757 2070 909 2110 Velleii
943 2083 1066 2122 oan,
1114 2076 1235 2122 atque
1274 2067 1462 2121 posteris,

90 2128 254 2167 tiberias
297 2128 555 2179 severiusque
584 2099 658 2167 t'de
701 2127 870 2167 Tiberio
912 2126 1204 2172 iudicantibus,
1252 2124 1464 2169 traditum

88 2192 221 2234 neque
256 2183 320 2223 his
352 2183 416 2223 vel
455 2185 506 2223 ob
535 2183 829 2232 adulationem,
863 2183 928 2222 vel
969 2184 1021 2223 ob
1059 2182 1264 2228 veritatis,
1309 2179 1465 2219 Tiberii

90 2246 200 2278 metu
227 2246 458 2292 corruptae,
496 2240 671 2292 speciem
708 2241 871 2293 placere
898 2239 1159 2292 potuit.1ta
1189 2236 1375 2290 profecto
1403 2235 1465 2274 fa-

89 2300 199 2334 ctum
237 2308 327 2336 esse
356 2296 535 2343 videtur,
585 2301 631 2336 ut
670 2296 822 2337 Noster
857 2296 1152 2347 infrequentius
1191 2296 1347 2339 lectus,
1395 2292 1466 2332 de

90 2354 284 2403 scriptus,
330 2357 373 2392 et
414 2326 535 2392 nulla'
560 2353 706 2403 dignus
751 2354 945 2392 memoria
992 2353 1046 2391 sit
1082 2351 1267 2398 habitus,
1308 2348 1466 2388 etiamsi

89 2416 228 2447 novam
258 2408 485 2461 scriptionis
525 2410 720 2456 formam,
755 2410 966 2449 virtutibus
1004 2408 1088 2447 suis
1128 2420 1209 2446 non
1249 2409 1466 2453 carentem,

88 2463 286 2504 invenerit
353 2466 542 2505 Attamen
568 2467 783 2516 insequens
812 2478 952 2505 aevum
979 2464 1087 2503 haud
1126 2464 1332 2515 ignorasse
1361 2473 1467 2509 eum,

93 2517 211 2558 docet
239 2521 344 2559 haud
374 2522 607 2573 infrequens
642 2522 832 2571 aliorum,
867 2522 932 2563 vel
958 2521 1000 2559 in
1031 2518 1315 2559 concinnandis
1342 2517 1468 2557 histo-

91 2574 186 2613 Υἱῑυ
218 2578 488 2628 compendiis,
527 2579 658 2629 iisqne
694 2579 862 2627 ieiunis,
902 2577 965 2617 vel
1003 2577 1045 2614 in
1083 2577 1258 2614 dictione
1286 2574 1468 2626 ingenio-

94 2625 163 2676 δι’,
200 2639 361 2683 arguta,
406 2640 526 2685 atque
557 2635 872 2682 intumescente,
923 2632 1071 2673 Velleii
1110 2631 1293 2670 imitatio.
1358 2630 1470 2669 Inter

90 2697 193 2736 qnos
220 2690 549 2729 studiosissimum
581 2703 677 2742 prae
701 2692 860 2739 ceteris,
887 2689 961 2729 sed
992 2689 1108 2738 longe
1142 2688 1376 2727 inferiorem
1403 2698 1469 2725 ae-

95 2743 244 2783 mulum
296 2745 435 2787 habuit
470 2747 693 2801 Sulpicium
729 2747 936 2788 Ξειειιιιιι.
1007 2745 1091 2786 Sed
1127 2744 1335 2786 Lucanum
1372 2754 1469 2796 quo-
