1728 3054
0 2718 3 2746 ἰ

315 221 586 267 ms'rolt.
610 220 768 266 Rom.
795 220 914 265 mn.
942 220 998 264 11.
1025 219 1162 262 GAP.
1189 221 1258 263 21).
1412 222 1473 264 to

99 339 315 395 consulis,
360 338 600 396 seditione,
620 337 725 397 *sed
757 353 893 397 quam
928 336 1020 381 dux
1052 336 1299 391 creaverat,
1330 333 1472 380 inter-

97 410 240 454 fectus
276 414 352 453 est.
386 410 490 453 Non
525 413 618 452 erat
650 406 825 462 Mario,
871 405 1063 464 Sulpitio
1106 404 1250 449 Cinna
1291 409 1467 464 tempe-
1481 413 1511 453 2

97 479 245 522 ratior.
278 478 465 536 ltaque,
501 491 604 522 cum
623 475 698 530 §.ita
731 475 881 520 civitas
914 474 1070 518 Italiae
1104 472 1210 517 data
1243 479 1379 528 esset,
1420 479 1472 518 ut

95 547 142 590 in
160 553 280 601 octo
313 546 452 605 tribus
487 542 867 589 contribuerentur
897 543 1002 587 novi
1035 543 1175 595 cives3
1215 557 1273 587 ne
1306 548 1472 601 poten-

97 615 159 659 tia
192 629 347 659 eorum
381 620 437 658 et,
467 611 704 657 multitudo
752 617 952 656 veterum
995 611 1159 655 civium
1204 611 1471 670 dignitatem

95 684 348 744 frangeret,
401 682 591 741 plusque
633 686 814 739 possent
865 680 1039 740 recepti
1087 679 1133 722 in
1183 679 1468 739 beneficium,

96 767 232 810 quam
271 755 472 796 auctores
515 749 741 801 beneficii;
785 747 947 803 Cinna,
989 748 1035 790 in
1077 749 1283 792 omnibus
1323 749 1470 793 tribu-

95 821 180 864 bus
211 834 288 864 eos
318 833 380 874 *se
423 817 780 875 distributurum,
825 816 1052 876 pollicitus
1096 822 1178 860 est.
1231 816 1336 871 Quo
1380 829 1508 870 nti-3

94 883 214 933 inine
254 888 482 946 ingentem
525 887 657 931 totius
701 886 858 930 Italiae
901 884 1196 943 frequentiam
1230 885 1275 928 in
1310 887 1468 931 urbem

95 957 327 1005 acciverat.
395 956 437 1000 E
482 970 572 1013 qua
614 955 768 1013 pulsus
810 954 1048 1013 collegae,
1095 953 1467 1013 optimatiumque

93 1025 279 1082 viribus,
314 1038 417 1069 cum
450 1024 496 1067 in
531 1023 822 1084 Campaniam
854 1023 1079 1081 tenderet,
1115 1036 1171 1066 ex
1205 1024 1467 1069 auctoritate

94 1102 266 1138 senatus
299 1093 548 1138 consulatus
590 1093 631 1136 ei
675 1092 917 1151 abrogatus
960 1097 1045 1146 est,
1086 1091 1387 1150 suffectusque
1418 1093 1466 1136 in

95 1163 186 1206 eius
240 1162 392 1206 locum
441 1161 495 1204 L.
547 1160 780 1206 Cornelius
829 1159 1032 1216 Merula,
1091 1160 1258 1203 flamen
1311 1161 1462 1205 Dialis.

95 1231 226 1275 Haec
269 1229 425 1273 iniuria
468 1229 675 1284 homine,
721 1244 856 1287 quam
880 1227 1100 1287 'exemplo
1144 1228 1324 1288 dignior
1365 1230 1463 1274 fuit.

93 1299 215 1344 Tum
249 1297 415 1352 Cinna,
468 1299 687 1357 corruptis
730 1299 878 1358 primo
924 1298 1252 1342 centurionibus
1295 1313 1349 1343 ac
1383 1299 1502 1348 tri-4

92 1369 241 1422 bunis,
287 1380 393 1410 mox
439 1366 571 1410 etiam
618 1382 698 1425 spe
742 1366 987 1426 largitionis
1033 1365 1265 1421 militibus,
1311 1368 1369 1411 ab
1405 1382 1461 1412 eo

94 1437 311 1489 exercitu,
355 1433 431 1492 qui
476 1435 593 1479 circa
632 1434 798 1479 Nolam
843 1439 959 1490 erat,
1003 1440 1210 1494 receptus
1257 1441 1334 1479 est.
1401 1436 1463 1492 Is,

93 1519 195 1550 cum
229 1503 451 1547 universus
494 1502 539 1546 in
583 1503 719 1547 verba
764 1503 855 1547 eius
901 1502 1104 1556 iurasset,
1154 1503 1346 1549 retinens
1390 1505 1463 1549 in·-

93 1573 235 1632 signia
269 1570 541 1628 consulatus,
585 1571 755 1631 patriae
797 1570 967 1615 bellum
998 1571 1166 1630 intulit,
1209 1572 1350 1619 fretus
1391 1573 1463 1618 in·-

92 1641 218 1701 genti
260 1654 446 1683 numero
507 1654 726 1684 novorum
776 1640 964 1694 civium,
1015 1655 1041 1684 e
1086 1654 1289 1698 quorum·
1330 1642 1463 1687 dele-

93 1717 167 1754 ctu
215 1707 347 1754 CCC.
393 1708 582 1767 amplius
626 1708 833 1752 cohortes
886 1709 1225 1768 conscripserat,
1280 1724 1335 1756 ac
1378 1712 1462 1756 tri-

91 1778 218 1838 ginta
260 1775 493 1842 legiqnum
535 1777 667 1820 instar
705 1777 980 1837 impleverat.
1063 1776 1194 1838 Opus
1228 1785 1322 1823 erat
1353 1790 1499 1840 par-5

89 1919 161 1943 nno
189 1910 324 1942 tantum
347 1907 449 1952 loeo,
482 1911 536 1949 et,
567 1908 659 1952 quod
687 1908 742 1942 in-
807 1907 838 1943 Ι.
860 1919 942 1954 pag.
965 1907 1047 1943 641.
1070 1909 1226 1953 eandem,

89 1954 213 1999 primis
243 1955 287 1988 ad
324 1965 399 1988 rem
440 1954 606 1998 pertinet,
648 1955 742 1998 apud

90 2001 296 2044 scriptorem
327 1998 364 2033 in
395 2011 465 2034 nno
505 2000 634 2035 Codice
661 2012 742 2034 con-

90 2051 262 2080 uenatum
306 2046 518 2090 reperiatur,
560 2046 638 2091 quis
676 2051 741 2090 eet,

1248 1922 1356 1955 quam
1378 1913 1463 1948 Vel-

807 1954 907 1997 leius,
929 1955 1100 1989 rationem
1121 1957 1300 1991 reddente:
1323 1959 1386 1993 ἵνα
1407 1957 1462 2006 μῆ

807 2002 881 2035 τῶν
905 1999 1068 2045 ἀρχαίων
1095 2002 1243 2042 πλέονες
1277 2002 1381 2046 ὄντες
1418 2006 1461 2041 ἐν

807 2051 889 2087 ταῖς
934 2050 1176 2091 χειροτονίαις
1215 2047 1460 2092 ἐπικρατοῖεν.

90 2091 147 2126 cui
186 2103 255 2126 non
276 2089 414 2126 '‘statim
457 2092 537 2125 vitii
580 2099 744 2128 nascatur

88 2138 238 2182 mspicio
254 2136 272 2170 ἓ
339 2136 561 2172 Excitavemt
618 2139 743 2173 merito

89 2184 219 2264 etiam5
227 2183 358 2228 placuit
392 2183 539 2229 Sigonio
567 2185 661 2220 Fast.
694 2185 741 2220 ad

91 2239 124 2264 a.
146 2230 193 2265 6⁴5
221 2255 229 2263 .

136 2287 170 2328 S.
198 2286 233 2321 2.
267 2287 400 2329 Mario,
444 2287 602 2332 Sulpitt‘o.
632 2286 739 2331 Alias,

91 2332 232 2374 Murio,
294 2335 514 2379 Sulpitioque.
571 2333 737 2367 Rasum.

92 2377 159 2411 Sed
199 2380 386 2423 asyndeton
417 2391 554 2424 quoque
583 2386 635 2413 eet
670 2380 738 2413 hoe

91 2422 186 2471 ipen,
206 2434 280 2468 cup.
324 2425 417 2470 Opus
469 2431 543 2461 erat
579 2427 738 2470 partibus

92 2470 315 2514 auctoritate,
335 2473 471 2516 gratia.
497 2478 533 2507 et
555 2472 641 2507 alibi
663 2483 742 2516 pus-

92 2514 168 2549 εἰει.
194 2515 278 2549 Vide
298 2518 342 2550 od
364 2518 390 2551 1.
413 2517 446 2553 4.
470 2519 501 2553 1.

136 2575 211 2606 octo
242 2573 359 2609 tribur.
414 2574 555 2610 Poterat
590 2574 741 2609 Velleius

91 2618 198 2661 paulo
242 2618 432 2653 distinctius
478 2622 622 2658 dixisse.
665 2626 739 2655 octo

90 2674 197 2696 novar
212 2665 330 2706 tribur,
353 2670 388 2700 et
409 2678 498 2709 mox,
522 2669 558 2701 in
587 2669 740 2701 omuibus

96 2709 236 2743 XXXV
266 2712 434 2746 veteribm
470 2714 631 2748 tribubus.
666 2715 739 2747 Res

91 2755 189 2791 darn
218 2758 271 2792 eat
299 2767 343 2792 ex
370 2757 527 2803 Appiano
555 2760 600 2795 de
628 2761 673 2796 Β.
698 2760 737 2796 C.

808 2098 842 2129 et
880 2095 963 2127 satis
992 2095 1165 2137 explicata
1207 2106 1230 2129 a
1261 2096 1384 2141 Sigon.
1416 2100 1462 2134 de

806 2140 884 2173 Ant.
916 2141 994 2174 lure
1022 2142 1100 2175 Ital.
1135 2141 1197 2174 ΙΙΙ.
1233 2141 1266 2176 1.
1300 2149 1334 2178 et
1358 2144 1461 2180 Vine.

806 2186 998 2220 Contareno
1031 2188 1111 2220 Var.
1141 2188 1235 2221 Lea-t.
1282 2188 1309 2222 1.
1347 2190 1380 2225 1.
1420 2195 1461 2226 ut

803 2238 919 2265 actum
941 2233 1053 2277 egerit
1076 2233 1278 2267 Mazochius
1308 2236 1464 2273 Addend.

804 2278 848 2312 ad
871 2278 962 2312 Tab.
986 2279 1127 2313 lleracl.
1152 2291 1233 2324 pag.
1256 2279 1337 2315 552.

850 2336 883 2377 §.
915 2335 950 2369 3.
995 2336 1124 2370 iniuria
1155 2337 1309 2380 homine,
1353 2352 1460 2384 quam

804 2382 954 2434 exemplo
986 2382 1135 2426 dignior.
1178 2383 1338 2418 Imitatur
1369 2386 1459 2441 831·-

798 2427 947 2516 'fxi-2¹:2¹2
970 2427 1075 2517 ,2222
1100 2428 1170 2507 31¹1}
1194 2431 1459 2513 .‘i2¹‡1³.‘1¹.·..z'¹“⁴2÷‚²:

806 2520 962 2564 dignum.
986 2519 1047 2552 ubi
1071 2519 1148 2553 vide
1172 2520 1340 2556 certium.
1370 2501 1381 2522 '

850 2576 940 2619 §.4
978 2577 1161 2611 universos.
1189 2579 1370 2615 Universos
1392 2592 1456 2626 pro

804 2623 991 2656 universus.
1015 2624 1186 2658 Burnum.
1210 2625 1277 2659 Ed.
1300 2637 1355 2669 pr.
1377 2630 1457 2663 uni-

802 2680 928 2702 versos.

848 2716 881 2755 §.
906 2713 940 2750 5.
975 2714 1067 2759 Opuo
1099 2719 1177 2749 emt
1202 2718 1362 2760 partibus
1385 2724 1453 2755 etc.

801 2760 893 2796 Edit.
916 2771 970 2805 pr.
1010 2760 1062 2795 sic
1096 2760 1329 2809 inter-pungit:
1369 2777 1456 2812 opus
