1728 3054
195 204 326 244 nxxn
550 198 838 244 neruum
885 180 1237 243 nonwnnm

203 313 306 357 nihil
332 313 440 355 tales
477 325 559 355 non
583 312 728 366 procul
756 311 879 353 dubio
910 311 1130 362 taciturus,
1173 310 1210 355 si
1238 323 1317 365 qua
1343 323 1417 353 sua
1442 311 1486 353 in
1514 310 1590 354 '1¹1-

206 372 387 423 beflum,
424 370 467 410 in
494 365 566 410 illo
597 369 730 420 bello,
767 369 914 409 merita
950 369 1136 411 fuissent.
1192 368 1248 411 Et
1276 370 1409 410 tamen
1437 369 1591 410 bellum

204 428 474 470 Delmaticum
501 438 583 469 non
611 429 730 467 antea
758 438 974 478 aggressus
1003 430 1067 466 est
1095 425 1308 477 Tiberius,
1341 438 1460 478 quam
1487 425 1594 466 Pan-

206 485 397 531 nonicum
426 483 679 523 absolvisset.
730 483 821 535 Quo
861 487 975 523 certe
1013 486 1199 535 tempore
1235 481 1396 522 Velleio
1424 495 1478 523 ne
1506 481 1596 534 qui-

207 542 303 581 dem
330 543 543 591 quaestura
571 540 735 582 obstare
749 535 918 593 potuit,
955 551 1035 592 quo
1064 540 1197 579 minus
1228 538 1439 579 Tiberium
1467 539 1596 579 comi-

207 600 386 644 taretur,
434 596 479 636 ni
522 596 604 637 iam
648 600 827 637 mereret
863 596 908 636 in
956 596 1137 636 exercitu
1177 595 1423 637 Germanici.
1487 595 1598 638 Hinc

151 648 155 653 “
210 654 334 697 etiam
364 651 597 697 Germanici.
622 650 665 707 *)
706 653 750 694 in
777 653 886 696 bello
914 651 1138 694 Delmatico
1167 653 1445 705 experimenta
1470 652 1599 692 virtu-

210 708 264 753 tis
303 707 483 748 celebrat
523 708 729 750 Velleius:
779 722 860 751 non
901 713 1013 751 certe
1054 709 1259 761 quaesito,
1308 713 1354 752 ut
1398 709 1442 748 in
1492 708 1599 758 aliis,

212 765 405 809 adulandi
432 765 544 814 loco,
573 778 666 806 cum
695 769 738 806 et
765 769 946 805 mortuus
975 766 1056 805 iam
1085 769 1194 805 esset
1216 765 1493 814 Germanicus,
1521 777 1600 805 nec

213 821 435 862 memoriae
479 825 591 866 esset
629 821 798 861 Tiberio
847 822 1065 861 admodum
1112 826 1265 873 gratae.
1329 822 1394 861 Ne
1435 822 1516 862 iam
1555 824 1601 862 et

212 877 315 920 illud
343 877 511 926 addam,
540 878 650 930 quod
677 877 774 917 alibi
800 875 870 934 **)
895 878 1091 927 ‚videatur
1127 878 1170 917 in
1205 877 1514 929 Germanicum,
1557 873 1625 918 ni*

214 938 405 991 suspecta
433 934 514 974 loci
541 934 665 979 lectio
695 937 829 983 esset,
857 934 1042 986 iniquior.
1087 933 1173 974 Sed
1199 947 1296 975 vero
1325 934 1602 975 testimonium

216 990 319 1031 illud
347 990 503 1030 Tiberii
529 991 616 1030 filio
645 990 842 1043 adoptitio
870 991 985 1033 dedit
1013 988 1220 1040 Velleius,
1249 991 1358 1047 quod
1386 992 1505 1031 testis
1535 1003 1604 1031 es-

217 1050 285 1088 set
310 1060 450 1091 rerum
486 1060 510 1087 a
543 1047 786 1090 Germanico
823 1050 1040 1099 gestarum.
1097 1047 1229 1088 Docet
1261 1051 1474 1101 praeterea
1511 1047 1603 1100 Dio,

217 1103 308 1159 ipso
360 1107 600 1156 quaesturae
649 1116 747 1144 suae
796 1116 900 1147 anno
949 1104 1119 1147 missum
1163 1117 1255 1147 esse
1303 1103 1602 1147 Germanicum.

218 1160 383 1213 Nempe
425 1161 635 1218 prolege
672 1160 921 1217 principum,
968 1161 1114 1215 quibus
1149 1161 1320 1201 concedi
1359 1161 1515 1201 solebat
1554 1171 1604 1202 ea

217 1216 324 1269 legis
351 1218 538 1262 annariae
566 1217 842 1268 indulgentia,
880 1221 928 1257 ut
966 1218 1247 1270 quinquennio*
1266 1217 1383 1257 eitius
1413 1221 1605 1270 quaestu-

218 1285 310 1325 ras,
339 1286 458 1325 quam
486 1274 578 1323 alii,
605 1277 795 1326 peterent
823 1278 1103 1326 gererentque.
1159 1274 1222 1314 Ita
1249 1278 1504 1327 quaesturam
1535 1285 1607 1314 an-

218 1341 273 1371 no
302 1331 446 1374 aetatis
475 1330 565 1370 XX.
595 1331 769 1382 gesserit
798 1330 1089 1380 Germanicus,
1126 1337 1245 1384 quam
1275 1329 1457 1372 Velleius
1495 1334 1606 1371 aeta-

218 1387 275 1429 tis
305 1399 409 1431 anno
437 1386 567 1428 XXV.
597 1388 776 1439 privatus
804 1388 1012 1438 nimirum,
1048 1400 1126 1428 nec
1153 1388 1236 1428 ulla
1260 1387 1367 1440 ‘legis
1394 1387 1608 1439 indulgen.-

219 1444 281 1484 tia·
306 1443 470 1485 solutus.
528 1442 612 1484 Sed
640 1457 760 1493 vero,
800 1448 846 1484 ut
883 1449 1124 1498 quaesturae
1162 1457 1266 1484 anno
1305 1444 1608 1497 expeditionem

218 1497 491 1551 Illyricianam
518 1502 696 1554 suscepit
728 1501 1018 1550 Germanicus;
1057 1501 1117 1541 sic
1153 1501 1255 1541 nihil
1283 1501 1489 1550 obstabat,
1527 1512 1608 1553 quo

219 1558 353 1597 minus
382 1558 496 1598 illum
525 1571 623 1598 suae
652 1571 812 1611 quoque
841 1563 1080 1610 quaesturae
1108 1568 1213 1599 anno
1242 1558 1454 1598 comitatus
1483 1557 1609 1598 fuerit

221 1613 409 1659 similiter
438 1614 632 1656 Velleius.
689 1615 819 1655 Ambo
849 1616 948 1656 satis
981 1615 1196 1655 commode
1237 1614 1318 1655 hoc
1356 1614 1466 1654 idem
1495 1614 1610 1654 fece-

221 1670 328 1719 rin't,
365 1671 402 1711 si
439 1675 533 1723 post
565 1672 751 1724 comitia,
787 1672 1100 1724 designatosque
1128 1672 1336 1723 sequentis
1366 1671 1459 1710 anni
1486 1682 1610 1722 quae-

222 1730 379 1776 stores,
421 1728 598 1781 profecti
626 1729 790 1768 fuerint.
847 1729 1066 1780 Potuitque
1095 1741 1216 1768 causa
1245 1741 1362 1771 serae
1389 1727 1610 1781 profectio-

223 1783 287 1823 nis
318 1795 409 1823 esse
437 1796 552 1823 mora
579 1784 649 1823 illa
678 1785 860 1834 Tiberii,
890 1798 993 1836 quae
1022 1789 1257 1836 suspectum
1284 1785 1396 1823 illum
1426 1785 1609 1836 Augusto

223 1838 395 1880 fecerat.
452 1841 553 1880 Sero
581 1840 771 1880 nimirum
802 1853 853 1880 ex
881 1841 1061 1879 hibernis
1090 1844 1271 1879 moverat
1298 1840 1503 1879 Tiberius.
1552 1840 1609 1880 Et

224 1898 361 1937 tamen
389 1900 530 1948 postea
558 1897 711 1948 aliquot
740 1898 898 1937 dierum
925 1897 1005 1936 iter
1035 1896 1327 1936 necessarium‘
1345 1900 1452 1946 erat,
1480 1899 1527 1936 ut
1554 1896 1609 1939 de

223 1952 388 1992 aestivis
426 1952 584 1994 Tiberii
621 1959 854 1996 moneretur
889 1955 1103 2004 Augustus.
1173 1953 1276 1994 Inde
1323 1965 1461 1993 morae
1505 1953 1626 1993 aliae·

222 2009 479 2051 necessariae
507 2013 642 2061 erant,
672 2010 816 2065 quibus
849 2014 891 2049 et
923 2010 1133 2049 eonsilium
1162 2008 1215 2049 de
1245 2009 1486 2050 Germanico
1516 2010 1607 2049 mit-

164 2086 166 2091 =
217 2066 352 2107 'tendo
379 2065 534 2120 ceperit
570 2066 802 2117 Augustus,
833 2070 884 2106 et
923 2066 1188 2106 Germanicus
1226 2066 1315 2118 ipse
1346 2079 1440 2106 sese
1472 2066 1609 2106 itineri

225 2123 458 2162 accinxerit.
518 2121 586 2162 Sic
623 2127 780 2163 aestate
804 2124 886 2163 iam
915 2123 1087 2171 affecta,
1127 2127 1169 2162 et
1197 2123 1373 2174 peractis
1404 2123 1610 2175 sequentis

226 2179 322 2219 anni
358 2179 552 2228 comitiis,
584 2180 766 2219 ¹moverit
806 2180 848 2219 in
885 2179 1130 2219 Pannoniam
1161 2179 1447 2228 Germanicus,
1486 2180 1610 2218 comi-

225 2239 391 2287 temque
416 2233 518 2275 satis
548 2236 760 2278 commode
788 2237 941 2276 habere
966 2237 1100 2289 potuit
1129 2240 1311 2275 nostrum
1341 2249 1365 2275 e
1395 2241 1610 2287 quaestura

226 2290 445 2333 Velleium.
501 2291 589 2331 Nec
625 2305 722 2332 sane
762 2293 928 2343 exigunt
963 2306 1031 2332 res
1073 2293 1193 2331 huius
1229 2292 1323 2332 anni
1362 2297 1546 2332 narratae
1584 2304 1609 2332 a
1636 2300 1647 2303 ’

226 2347 358 2388 Dione
395 2348 654 2388 maturiorem
694 2349 925 2388 Germanici
961 2349 1270 2401 profectionem.
1340 2347 1609 2400 Posteaquam

226 2404 491 2445 Germanicus
519 2405 562 2445 in
590 2405 835 2446 Pannoniam
863 2406 1108 2459 appulisset,
1148 2408 1234 2444 tum
1264 2405 1425 2445 demum
1454 2405 1610 2444 conflu-

226 2462 335 2501 xisse
363 2462 463 2502 dicit
490 2462 705 2501 exercitus.
765 2462 871 2501 Tum
900 2463 1094 2503 Severum
1131 2475 1155 2502 e
1192 2460 1353 2500 Moesia
1382 2462 1609 2503 venientem

226 2518 359 2558 adorti
400 2522 493 2559 sunt
532 2518 706 2559 rebelles
744 2519 929 2572 victique.
986 2518 1205 2573 Postquam
1235 2519 1278 2559 in
1305 2530 1427 2560 unum
1463 2530 1609 2560 couve-

314 2697 353 2741 *)
377 2697 464 2731 ven.
489 2697 548 2732 nb.
572 2698 618 2732 11.
651 2708 727 2742 cap.
752 2669 851 2734 118(

311 2744 367 2789 **)
392 2744 479 2777 Vell.
503 2744 563 2779 lib.
587 2745 630 2779 11.
655 2756 731 2789 cap.
754 2743 833 2780 125.
