1728 3054
306 229 572 271 HISTOR.
601 230 756 271 Rom.
786 230 906 270 LIB.
933 229 964 269 1.
998 227 1134 269 CAP.
1163 230 1230 269 11.

1410 227 1468 268 29

101 345 259 398 simos,
304 350 350 389 et
382 344 628 404 principale
660 343 706 387 in
738 341 972 404 republica
1013 342 1263 402 fastigium,
1314 345 1467 385 exten-

98 420 283 471 tumque
316 414 432 457 vitae
477 413 691 472 spatium,
736 419 781 456 et
814 412 953 456 aereis
992 410 1350 467 innocenteisque
1382 423 1468 468 pro

99 497 196 541 rep.
240 496 344 526 cum
376 481 562 525 inimicis
597 480 920 533 contentiones,
940 485 1145 537 'quatuor
1177 478 1292 522 filios
1325 484 1470 522 sustu-

99 551 175 606 lit,
226 564 379 594 omnes
411 548 591 593 adultae
623 548 777 593 aetatis
811 548 946 603 vidit,
989 562 1141 592 omues
1173 546 1353 606 reliquit
1393 559 1469 589 su-

99 619 302 678 perstites
335 623 381 662 et
410 616 784 661 honoratissimos.
841 616 1014 660 Mortui
1047 616 1138 660 eius
1171 616 1339 661 lectum
1379 620 1510 674 proff

101 737 492 782 triumphose-maiam
516 748 593 771 eum
615 736 753 781 saepius

100 782 329 828 triumphasse
357 783 542 828 sigm'ficat.
588 782 664 818 Non
694 794 751 816 ne-

101 841 194 863 cesse
214 832 267 863 est
297 828 347 862 sic
367 829 477 862 verbu
508 840 657 873 urgere,
690 839 751 862 ne-

101 875 184 909 dum
199 873 291 908 corri
376 898 386 913 ,
397 875 615 908 excellentem
629 875 751 908 trium-

95 921 224 966 phum,
246 885 430 965 utffiius
451 924 487 956 ,et
503 921 566 955 alii
585 921 751 956 fecerunt.

99 966 186 1000 Vide
209 965 347 1000 Gruter.
367 966 413 1000 ad
434 967 472 1000 h.
498 967 523 1001 l.

146 1017 261 1046 extent
343 1024 385 1046 ue
439 1012 534 1047 vitae
588 1012 750 1057 spatium.

100 1057 162 1092 Sic
189 1058 319 1100 optime
354 1057 476 1092 Editor
507 1058 619 1093 Busil.
649 1059 751 1092 Men-

48 1120 55 1133 x
99 1104 184 1137 doce
204 1103 297 1138 Edit.
319 1115 371 1148 pr.
394 1109 679 1148 extenuatumque
698 1105 749 1137 oi-

100 1154 161 1184 tae
198 1150 360 1194 spatium.
406 1150 579 1185 laudavit
623 1151 747 1183 Burm.

99 1199 221 1229 notum
250 1193 338 1229 illud
359 1195 518 1230 Horatii:
558 1196 659 1230 Vivet
691 1208 751 1230 ex-

100 1246 194 1276 teuto
217 1241 411 1275 Ptoculeius
439 1253 534 1276 aevo.
556 1243 664 1276 Plura
676 1241 752 1276 Ou-

100 1287 263 1337 dendorp.
286 1287 331 1322 ud
351 1287 512 1332 Appuleii
541 1289 686 1325 Metam.
710 1287 751 1325 V.

99 1343 184 1378 rse-
206 1331 301 1387 ³⁶⁰.
343 1374 347 1382 ..
469 1379 478 1389 .

146 1389 257 1412 aereis
286 1383 558 1424 innocentemque
587 1390 650 1424 pro
677 1389 751 1423 rep.

100 1435 178 1458 cum
198 1425 345 1458 &danicis
374 1426 614 1460 contentiones.
637 1424 754 1458 Velle-

100 1469 155 1504 ius
198 1467 311 1504 videri
341 1470 446 1514 possit
485 1471 674 1513 respexisse
706 1470 753 1504 ud

101 1516 334 1550 contentiones
356 1527 438 1550 cum
459 1515 620 1559 Scipione
635 1516 754 1550 Aemi-

101 1561 219 1604 uano,
248 1562 453 1606 popularem
484 1562 653 1597 rationem
675 1573 753 1596 um-

101 1608 224 1652 plexo,
255 1608 426 1652 agitatas,
457 1620 542 1652 quas
563 1609 671 1642 etium
694 1608 753 1642 Gi·

103 1664 183 1687 cero
204 1653 248 1687 dc
269 1653 374 1688 offic.
395 1655 422 1688 1.
445 1654 503 1689 25.
536 1659 570 1688 et
591 1655 633 1688 de
655 1654 755 1688 Ami-

103 1699 163 1734 cit.
196 1699 256 1734 21.
305 1700 379 1734 sine
416 1701 604 1735 acerbitate
645 1700 754 1734 fuisse

102 1745 293 1789 praedicat.
358 1746 490 1780 Graves
539 1751 751 1791 testatasque

101 1801 225 1825 eorum
268 1790 469 1828 inimicitius
511 1792 597 1827 facit
634 1793 750 1826 Valet.

101 1837 199 1871 Max.
234 1836 293 1871 lv.
325 1838 360 1874 1.
392 1837 450 1872 12.
480 1836 550 1872 Sed
579 1838 751 1873 credimus

101 1882 219 1927 potius
258 1883 434 1925 Ciceroni,
476 1895 625 1927 quocum
667 1895 751 1918 cou—

100 1928 205 1964 sentit
230 1929 355 1965 norat.
393 1930 441 1966 11.
482 1930 595 1964 Serm.
630 1931 659 1965 1.
691 1929 750 1965 65.

100 1985 183 2008 num
208 1975 370 2016 Laelium,
404 1981 440 2011 et
469 1977 529 2021 qui
561 1977 670 2011 Duxit
704 1977 750 2010 ab

101 2031 263 2064 oppressa
318 2022 479 2056 meritum
533 2023 751 2069 Carthagine

100 2077 244 2108 nomen,
289 2067 434 2113 Ingenio
484 2068 632 2112 offensi?
687 2073 752 2103 aut

102 2112 196 2146 lacco
223 2113 363 2147 doluere
388 2114 559 2148 Metello?
598 2114 659 2149 ubi
681 2126 749 2149 nou

100 2159 328 2201 spernendum
347 2159 530 2194 Scholium
561 2165 612 2195 est
642 2162 751 2195 iuter-

100 2203 208 2247 ιιι-αἱς
238 2204 393 2249 antiqui,
434 2205 594 2240 Aci-onis:
628 2208 752 2241 Metel-

102 2250 157 2284 lus
197 2251 403 2295 temporibus
443 2253 609 2296 Scipionis
651 2253 751 2296 Afri-

103 2295 318 2340 oam‘poeens
336 2298 430 2340 suit5
453 2303 487 2332 et
507 2310 583 2332 cum
608 2299 646 2333 in
670 2311 751 2334 con-

103 2341 198 2375 cim
228 2343 401 2387 quaedam
424 2345 590 2379 adversus
615 2356 653 2379 se
689 2341 770 2378 cle-v

105 2389 415 2430 creta‘clomaren
451 2391 564 2434 Scipio
594 2393 665 2426 ait:
699 2391 751 2425 Hi

103 2435 202 2473 suat,
249 2445 332 2478 quos
381 2436 575 2471 Hannibali
628 2438 748 2482 eripui.

106 2476 233 2512 Patere
250 2490 354 2526 ergo,
376 2482 507 2526 inquit,
537 2483 599 2517 hos
628 2485 750 2518 liberos

106 2533 189 2558 esse.
205 2569 214 2578 ο
235 2525 286 2559 Ob
310 2538 398 2571 quae
427 2533 463 2562 et
494 2529 569 2562 alia
597 2529 750 2564 Lucilius

105 2579 184 2602 eu-
199 2572 402 2627 ingratiam
420 2574 584 2619 Scipionis
607 2577 748 2620 carpsit,

105 2626 665 2701 wsshtmfizssffit.
689 2622 750 2701 ῗὲῗ

105 2716 166 2740 ror
186 2712 316 2751 tutem,
338 2719 407 2753 quo
429 2710 547 2756 Scipio
567 2713 751 2747 Africanus

106 2751 223 2788 Maior
249 2763 331 2789 cum
354 2754 492 2792 Minore
520 2759 751 2802 contunditur,

818 735 952 770 auctori
992 746 1055 770 sno
1091 735 1348 779 relinquendus.
1379 735 1470 768 Cum

815 782 926 827 igitur
955 781 1191 815 contentiones
1221 781 1311 815 iuter
1323 815 1329 819 ,
1341 780 1472 814 Metel-

817 829 893 862 lum
923 832 958 862 et
991 827 1189 870 Scipionem
1223 827 1339 860 minus
1369 837 1470 861 acres

816 874 925 908 fuisse
956 878 1105 916 constet,
1155 873 1296 906 credam
1342 872 1470 916 potius,

816 920 988 954 Velleium
1011 918 1047 953 in
1064 918 1181 953 animo
1199 917 1362 952 habuisse
1373 923 1470 952 atro-

817 966 975 1000 cissimas
1005 964 1138 999 Metelli
1169 976 1250 998 cum
1280 964 1319 998 C.
1349 963 1469 998 Atinio

816 1013 996 1054 Labeone,
1026 1012 1185 1045 Tribuuo
1218 1011 1351 1055 plebis,
1384 1021 1468 1043 cou-

816 1059 1007 1097 teutiones‚
1045 1058 1087 1091 de
1111 1057 1236 1101 quibus
1265 1054 1344 1090 vide
1368 1056 1468 1090 Cice-

815 1115 893 1138 ron.
915 1115 977 1147 pro
998 1104 1114 1137 Domo
1130 1103 1188 1137 4⁴1.
1212 1102 1289 1137 Liv.
1302 1101 1465 1145 Epic-59.

816 1154 852 1185 et
873 1151 962 1184 Plin.
991 1151 1039 1184 H.
1065 1150 1108 1184 N.
1132 1149 1205 1182 Vll.
1228 1148 1284 1182 44.
1314 1148 1367 1182 Ad
1390 1159 1469 1182 eas·-

816 1197 895 1230 dem
920 1197 1069 1240 pertinet
1096 1195 1250 1229 Senecae
1279 1193 1391 1228 Putris
1413 1194 1469 1227 lo-

816 1254 878 1276 cus
910 1242 1113 1276 foedissime
1139 1241 1348 1284 depravatus
1377 1240 1469 1274 cou-

816 1292 962 1324 trovera.
981 1289 1022 1321 V.
1041 1287 1098 1322 3⁰.
1125 1299 1206 1332 pag.
1234 1285 1315 1321 359.
1343 1287 1392 1320 M.
1411 1287 1468 1320 Ci-

818 1346 894 1368 cero
921 1346 991 1379 qua
1017 1334 1184 1368 violentia
1210 1334 1247 1367 in
1275 1333 1468 1366 absentiam

820 1380 954 1414 Metelli
985 1380 1134 1425 strepit?
1167 1380 1260 1412 Vidit
1286 1378 1360 1413 Nic.
1396 1378 1469 1411 Fa-

819 1424 900 1466 ber‘,
930 1426 1084 1459 eruditus
1104 1436 1187 1459 sune
1207 1425 1334 1465 homo,
1367 1424 1477 1466 Cice-v-

818 1471 913 1506 ronis
938 1483 1062 1505 nomen
1082 1471 1236 1505 alienum
1254 1482 1348 1504 esse=
1371 1471 1469 1503 ulce-

818 1519 868 1552 ris
897 1518 1039 1551 sunundi
1065 1517 1236 1552 rationem
1261 1528 1330 1550 non
1363 1516 1467 1550 vidit.

819 1564 979 1607 chone:
1019 1564 1175 1609 Macerio·
1204 1574 1274 1608 qua
1301 1563 1469 1596 violentia

818 1611 855 1644 in
899 1610 1090 1644 absentiam
1139 1610 1273 1644 Metelli
1317 1607 1470 1652 strepit?

818 1657 935 1700 Quam
957 1656 1229 1691 emendationem
1240 1654 1374 1699 liquido
1387 1665 1470 1688 oon-

816 1703 935 1736 firmat
955 1702 1046 1736 Ptin.
1070 1703 1094 1736 1.
1103 1714 1133 1737 c.
1157 1702 1318 1736 Metellus
1333 1701 1373 1734 in
1392 1701 1468 1744 ipso

809 1750 900 1792 flore
921 1749 1136 1794 dignationis
1153 1759 1238 1782 suae
1253 1748 1298 1780 ab
1326 1746 1362 1780 C.
1388 1746 1468 1780 Ati-

815 1795 873 1828 nio
891 1795 1074 1835 Labeone,
1106 1794 1160 1828 cui
1184 1804 1371 1838 cognomen
1390 1793 1467 1836 fuit

815 1840 1026 1882 Macerioni,
1053 1841 1203 1874 Tribuni>
1215 1838 1347 1883 plebis,
1365 1849 1468 1882 quem

815 1898 834 1920 e
856 1887 986 1921 Senatu
1012 1886 1137 1924 Censor
1162 1887 1330 1926 eiecerat,
1353 1895 1467 1918 rever-

814 1937 890 1966 tens
908 1944 927 1967 e
950 1933 1078 1977 campo
1095 1932 1286 1966 meridiano
1302 1935 1467 1974 tempore,

814 1990 923 2012 vacuo
937 1982 1018 2023 soro
1040 1983 1075 2013 et
1094 1979 1281 2022 Capitolio,
1304 1977 1351 2010 ad
1375 1978 1468 2010 'I'ar-

812 2026 930 2070 peium
948 2029 1070 2069 raptus
1096 2029 1167 2065 est,
1198 2028 1237 2058 ut
1254 2023 1465 2067 praecipita-

816 2076 922 2105 retur.
951 2071 1021 2104 Sed
1045 2070 1176 2104 Plinius
1196 2069 1320 2113 etipse
1337 2069 1371 2102 iu
1397 2069 1468 2102 hac

814 2117 1014 2152 nan-atione
1029 2116 1186 2162 graviter
1201 2116 1359 2150 laborat:
1377 2115 1468 2148 alie-

815 2175 860 2196 no
887 2164 1046 2207 beneficio
1069 2167 1192 2207 postea
1220 2162 1330 2202 visit,
1370 2161 1468 2195 bonis

815 2210 898 2244 inde
925 2211 1030 2244 etiam
1049 2209 1253 2243 consecratis
1275 2219 1298 2240 a
1318 2207 1468 2241 damna-

814 2260 852 2289 to
883 2267 963 2297 suo,
1001 2261 1168 2300 tanquam
1204 2265 1330 2299 parum
1365 2257 1467 2295 esset,

809 2302 970 2344 faucium
1010 2307 1101 2335 certe
1143 2302 1372 2340 intur-tarum,
1409 2310 1467 2332 cs:-

811 2348 988 2392 pressique
1031 2359 1094 2391 per
1139 2357 1240 2380 aures
1285 2345 1468 2390 sanguinis

812 2405 959 2438 poenam
985 2399 1142 2428 exactam
1161 2403 1244 2427 esse.
1274 2391 1335 2425 ubi
1359 2390 1470 2425 verba

817 2451 841 2472 a
868 2439 1032 2473 damnato
1064 2451 1124 2474 suo
1161 2438 1239 2472 aliis
1271 2438 1330 2470 vel
1362 2437 1469 2470 refin-

815 2486 950 2531 genda‚
983 2486 1038 2519 vel
1068 2484 1270 2528 explicanda
1292 2494 1469 2517 commen-

816 2533 948 2566 demus.
992 2531 1224 2575 Reliquorum
1256 2540 1324 2563 nou
1361 2528 1470 2564 dubia

815 2577 983 2612 eorrectio
1001 2579 1090 2611 haec
1109 2581 1178 2610 est:
1208 2580 1376 2620 tanquam
1399 2587 1468 2620 pa-

815 2636 893 2658 rum
918 2628 1021 2665 esset,
1051 2623 1212 2666 saucium
1244 2627 1332 2656 reste
1358 2622 1469 2656 intor-

816 2675 952 2711 tantm,
978 2670 1190 2713 expressione
1215 2679 1279 2712 per
1303 2680 1405 2702 aures
1433 2672 1467 2702 et

815 2727 917 2750 nares
937 2716 1118 2761 sanguinis
1142 2725 1290 2760 poenam
1309 2719 1468 2750 nactam

816 2773 899 2797 esse.
1151 2769 1157 2774 '
