1728 3054
482 192 775 262 aNNALES
824 188 1187 236 VELLEIA'NI
1410 196 1497 232 Lm

119 314 219 350 tror.
274 308 336 350 Ita
363 307 569 357 nimirum,
609 311 654 348 ut
681 306 913 348 cohortibus
939 306 1139 359 praefecti
1170 305 1343 356 fuerint,
1370 305 1441 357 qui
1468 318 1495 345 a

118 370 214 417 toga
249 367 379 406 sumta
414 378 509 405 mox
544 365 727 404 militiam
762 364 934 403 inierant
971 375 1101 414 usque
1127 362 1180 402 ad
1208 374 1353 402 annum
1383 366 1493 400 aeta-

118 423 171 462 tis
200 422 330 462 XVII.
356 422 613 468 absolutum,
654 432 734 471 quo
773 420 868 459 olim
902 424 998 470 toga
1035 419 1140 459 sumi
1177 419 1357 466 solebat3
1394 418 1493 458 inde

118 479 301 518 militiam
329 478 470 526 aliam,
505 491 578 517 seu
604 477 807 527 legionum
835 476 904 515 illa
931 476 1076 524 fuerit,
1114 487 1185 516 seu
1214 475 1392 523 alarum,
1428 474 1499 517 ins

118 535 315 574 choarint.
344 534 403 574 Ut
430 532 537 573 enim
565 537 700 581 erant,
729 532 836 570 infra
862 532 1142 584 pubertatem,
1173 543 1389 584 puerorum
1415 531 1491 570 mi-

117 603 259 630 norum
294 591 570 640 maiorumque
606 588 859 635 discrimina;
917 588 977 627 sic
1027 588 1149 628 etiam
1186 589 1314 628 fuisse
1350 587 1493 627 verisi-

53 665 61 668 ·
117 647 213 686 mile
241 647 372 687 estin
400 650 533 685 aetate
562 644 883 692 adolescentiae,
921 657 1024 696 quae
1056 658 1080 683 a
1116 650 1210 695 toga
1239 648 1371 684 sumta
1397 655 1494 696 per·-

116 704 236 754 tingit
261 702 313 741 ad
341 703 464 742 annos
490 714 618 752 usque
647 701 883 740 senatorios.
940 700 1000 739 Ita
1029 701 1240 750 nimirum,
1278 705 1325 740 ut
1360 701 1491 752 prima

116 764 228 799 aetas
265 758 334 798 illa
367 758 518 807 fuerit,
558 770 661 809 quae
695 757 860 810 propius
897 757 1120 796 accedebat
1155 758 1210 796 ad
1248 757 1491 809 pueritiam3

114 816 193 855 alia
215 814 319 864 Killa,
354 828 458 866 quae
486 828 577 859 cum
604 814 778 867 pueritia
805 814 1001 853 minorem
1029 813 1270 854 affinitatem
1297 814 1488 862 hahebat,

114 872 307 912 maiorem
335 876 469 922 autem
508 884 598 910 cum
629 871 913 913 adolescentia.
968 870 1060 911 Hoc
1098 871 1135 910 si
1172 870 1342 910 consilio
1377 875 1488 910 aeta-

113 933 198 968 tem
235 927 348 967 illam
386 928 617 968 distinxerit
654 928 886 979 Augustus,
928 931 1242 969 consentaneum
1280 930 1389 974 erat,
1427 930 1493 975 ut,

112 986 215 1025 sicut
243 989 402 1024 veteres
431 984 526 1023 olim
554 997 702 1036 pueros
740 984 791 1027 ad
830 996 978 1025 annum
1013 997 1141 1035 usque
1183 983 1327 1025 aetatis
1356 982 1485 1022 XVII.

110 1045 363 1088 censuerant,
390 1041 565 1093 proinde
587 1053 611 1081 a
638 1045 806 1093 recepto
831 1044 976 1093 postea
999 1041 1222 1092 pubertatis
1252 1052 1356 1080 anno
1373 1039 1488 1082 XIV.-

112 1098 164 1137 ad
192 1097 318 1137 XVII.
350 1098 485 1149 pueris
523 1097 731 1136 affiniores
760 1110 879 1148 quam
918 1097 1244 1138 adolescentibus
1274 1097 1354 1136 iam
1384 1108 1487 1148 quo-

112 1167 192 1206 que
220 1159 500 1202 censerentur-3
536 1153 632 1196 inde
669 1154 748 1195 iam
777 1154 1002 1206 pubertatis
1040 1159 1234 1206 utrosque
1261 1158 1345 1194 tam
1371 1157 1486 1193 vete-

110 1223 179 1250 res
227 1222 345 1262 quam
394 1223 518 1251 novos
561 1210 710 1254 limites
758 1210 936 1262 egressi,
981 1210 1299 1250 adolescentium
1341 1211 1485 1261 magis,

112 1277 230 1318 quam
258 1279 497 1319 puerorum,
528 1280 653 1308 censu
680 1267 862 1308 venirent
893 1267 1143 1307 aestimandi.
1180 1267 1227 1306 ld
1257 1279 1355 1318 ergo
1383 1279 1484 1318 pro-

109 1324 241 1375 prium
268 1323 471 1367 habebant
497 1325 735 1364 Senatorum
763 1324 861 1375 filii,
897 1327 943 1363 ut
971 1337 994 1363 a
1022 1324 1170 1363 citimis
1206 1323 1405 1375 pueritiae
1432 1323 1484 1361 fi-

0 1383 4 1388 '
46 1415 49 1418 .
109 1380 227 1419 nibus
255 1379 495 1421 laticlaviam
524 1381 776 1432 acciperent,
806 1384 998 1431 tanquam
1027 1380 1245 1429 Senatores
1271 1380 1490 1430 designati,

110 1439 155 1477 et
180 1435 307 1475 virilia
332 1437 431 1476 iude
455 1450 622 1490 munera
649 1438 801 1486 omnia,
830 1449 907 1475 uec
936 1437 1014 1476 alia
1042 1438 1164 1476 etiam
1194 1449 1314 1488 quam
1340 1436 1482 1483 virilia,

109 1497 384 1545 capesserent.
440 1494 628 1534 Aetatem
661 1498 777 1533 certe
801 1493 947 1546 plenae
973 1494 1148 1541 barbae,
1176 1506 1278 1544 quae
1307 1506 1332 1532 a
1358 1492 1482 1531 tertio

109 1548 265 1600 coepit,
296 1552 403 1589 teste
429 1547 652 1599 Macrobio,
678 1548 723 1604 *ι)
754 1550 1006 1601 septenario,
1035 1562 1138 1588 anno
1164 1550 1352 1589 nimirum
1371 1547 1482 1590 XXI,

109 1604 263 1658 primus
288 1605 332 1644 iu
357 1605 529 1644 tribunis
559 1606 747 1656 exigebat
770 1606 851 1645 iam
871 1605 1094 1657 Imperator
1112 1606 1353 1646 Hadrianus.
1380 1605 1483 1647 Inde

109 1660 286 1712 suspicio
315 1665 396 1711 est,
438 1674 463 1700 a
491 1662 618 1714 prima
645 1662 833 1712 lanugine
861 1662 956 1700 olim
986 1663 1144 1701 censeri
1172 1662 1338 1710 solitos,
1377 1673 1483 1712 quae

109 1729 189 1757 non
215 1716 336 1768 longe
374 1717 458 1758 abit
493 1719 543 1757 ab
581 1731 704 1766 anno,
747 1718 800 1756 de
836 1731 916 1769 quo
944 1718 1136 1766 diximus,
1178 1719 1322 1758 aetatis
1351 1717 1481 1757 XVII.

110 1773 327 1815 Traianum
361 1774 483 1813 etiam
516 1775 565 1813 ab
598 1787 703 1814 anno
735 1773 842 1814 XIV.
873 1774 1076 1813 tribunum
1108 1774 1203 1813 alibi
1232 1773 1303 1829 **)
1341 1775 1486 1816 observ-2

108 1829 293 1870 vavimus.
348 1829 521 1882 Propter
556 1830 739 1870 militiam
776 1831 953 1870 sortasse
986 1835 1084 1870 'ante
1112 1832 1368 1883 pubertatem
1393 1830 1482 1882 ple-

27 1885 30 1892 ‘
107 1898 199 1925 nam
226 1888 484 1936 maturatam,
525 1891 568 1926 et
600 1887 692 1938 quia
728 1887 933 1928 Senatoris
974 1891 1062 1926 erat
1092 1888 1210 1930 filius.
1266 1887 1353 1927 Nec
1383 1899 1481 1925 sane

107 1942 266 1995 plenam
301 1943 554 1994 pubertatem
591 1948 686 1982 ante
720 1956 866 1983 annum
901 1943 1014 1982 illum
1053 1945 1274 1983 censebant
1306 1950 1481 1991 veteres,

38 2028 56 2044 ,
108 1998 230 2038 etiam
264 1998 344 2047 illi,
391 2000 459 2051 qui
498 2000 695 2051 pueritiae
740 2000 863 2040 finem
897 1999 1109 2051 aliqualem
1148 2002 1191 2040 in
1227 2013 1331 2039 anno
1369 1998 1480 2042 xlv,

107 2055 386 2122 agnoscebant.
443 2055 621 2097 Graecos
652 2069 843 2097 annorum
870 2055 967 2096 XIV
997 2069 1160 2096 xocasse
1190 2057 1351 2106 παῖὸα,
1379 2057 1481 2109 μελ-

108 2107 302 2164 λέφηβον
333 2115 467 2152 autem
500 2108 592 2161 XV,
631 2112 724 2151 dein
758 2112 856 2153 XVI
884 2110 1074 2167 ἔφηβον,
1113 2118 1198 2155 tum
1233 2087 1368 2153 XVIII
1398 2110 1481 2162 ἐξέ-

109 2168 268 2222 φηβον,
296 2168 353 2206 ait
378 2168 631 2208 Censorinus.
652 2167 744 2219 ***)
775 2169 879 2210 Cum
903 2174 1039 2209 tamen
1066 2175 1224 2210 veteres
1249 2169 1308 2208 illi
1333 2169 1481 2208 Graeci

25 2206 41 2259 ¹.
109 2224 160 2263 ab
187 2235 290 2264 anuo
317 2222 444 2264 XVII.
475 2225 673 2276 completo
693 2226 949 2276 pubertatem
973 2231 1223 2266 arcesserent
1251 2226 1478 2266 militarem.

107 2280 243 2321 Etiam
280 2279 387 2332 apud
423 2281 625 2321 Romanos
663 2281 859 2331 iuniores,
907 2295 1076 2334 quorum
1115 2295 1250 2322 mores
1283 2283 1480 2321 habemus

108 2335 150 2376 in
175 2336 354 2388 Corpore
384 2338 482 2377 iuris
512 2338 639 2381 civilis
676 2338 895 2386 hodierno,
919 2339 1042 2390 plena
1070 2340 1262 2390 pubertas
1292 2351 1372 2378 non
1408 2338 1480 2376 ha·

107 2392 227 2432 betur
259 2398 353 2434 ante
386 2407 534 2436 annum
563 2395 707 2436 aetatis
724 2393 843 2451 ****)
863 2394 1014 2437 XVIII.
1033 2395 1251 2446 labentem,
1272 2399 1317 2436 ut
1344 2394 1480 2436 existi-

198 2584 415 2635 ¹¹).‹.Macr›b
437 2583 673 2629 somn-Scip.
706 2585 990 2631 lib.1..oep.6.

198 2628 259 2697 τε·
277 2631 473 2712 ¹2:303
466 2631 561 2720 ·.‚2;¹
563 2630 684 2711 ἓςεή
708 2633 850 2669 Mm-
882 2635 916 2676 5
938 2632 975 2668 ⁵

203 2721 238 2743 *0
243 2678 298 2766 ))
322 2722 398 2758 vid.
418 2722 655 2769 lundeubrog.
680 2723 725 2759 ad
749 2723 927 2762 (tonsoria
948 2733 1025 2768 cap
1050 2722 1085 2757 7.
