1728 3054
458 208 764 252 ANNALES
805 203 1170 251 VELLEIANI
1410 212 1492 248 LXI

119 336 194 364 uos
220 321 440 364 tribunatui
476 322 720 375 legionario,
757 325 844 362 tres
884 325 1020 361 antem
1058 320 1235 372 reliquos
1271 321 1494 361 tribuuatui

118 385 354 422 castrorum.
408 379 591 420 Firmant
618 381 831 431 praeterea
865 391 987 430 supra
1020 377 1127 417 dicta
1135 406 1158 430 ,ἢ
1188 376 1291 429 quae
1325 378 1420 417 alibi
1446 376 1491 432 ²⁸¹)

118 438 173 476 de
203 437 451 487 Graecorum
478 435 687 488 disciplina
714 434 879 474 militari
914 434 1222 474 observavimus.
1276 434 1491 475 Habebunt

118 493 179 532 illi
202 492 393 532 leviorem
419 492 616 544 quandam
647 490 830 530 militiam
857 490 899 529 in
922 488 1187 541 περιπόλοις.
1242 490 1298 531 Et
1326 491 1490 542 quidem

118 550 274 602 ipsam,
309 552 355 588 ut
380 549 460 588 fuit
490 549 604 601 prior
638 547 732 598 ille,
760 559 837 598 pro
865 548 1013 586 nostris
1043 547 1361 599 hypothesibus,
1389 546 1490 587 Vel-

117 605 188 645 leii
226 605 469 652 tribunatus,
507 605 706 643 biennem.
762 603 890 642 Immo
928 604 1091 651 eadem,
1142 617 1219 655 qua
1256 616 1330 643 nos
1366 604 1491 644 etiam

78 692 82 694 >
118 660 319 702 Velleium
352 660 481 700 fuisse
519 660 777 712 supponimus
792 689 805 709 ‚
842 664 987 699 aetate.
1043 659 1191 711 Coepit
1228 661 1336 700 enim
1365 660 1436 700 illa
1464 666 1490 700 a

116 722 307 771 receptae
332 717 438 768 apud
464 716 642 755 Graecos
678 715 902 767 pubertatis
919 715 1042 771 fine,
1070 729 1175 756 anno
1198 717 1384 756 nimirum
1413 730 1491 756 ae-

117 775 214 813 tatis
253 771 384 812 xvu.
421 773 631 824 tenuitque
666 772 718 811 ad
753 772 876 811 finem
901 772 995 810 anni
1021 771 1130 811 xlx,
1188 772 1337 812 lisdem
1368 773 1489 826 plane

114 829 329 876 limitibus,
359 829 502 880 quibus
530 830 651 868 etiam
687 841 761 867 nos
789 828 966 880 priorem
993 827 1107 867 illum
1134 827 1283 869 velleii
1310 830 1491 869 tribuna-

111 889 201 925 tum
238 885 468 924 conclusum
516 885 644 925 fuisse
686 885 973 924 existimamus.
1036 885 1125 924 Nec
1162 897 1260 924 sane
1295 886 1489 925 abhorre-

114 941 211 982 bant
237 941 287 980 ab
314 941 384 980 illa
410 943 699 994 praesidiorum
728 942 1022 981 limitaneorum
1061 941 1168 993 apud
1208 942 1386 981 Graecos
1414 956 1486 983 πε-

115 996 316 1052 ρικολείᾳ
341 1011 408 1037 res
436 999 559 1038 etiam
595 1012 619 1037 a
647 997 805 1038 Velleio
833 998 875 1037 in
912 998 1037 1049 priori
1075 998 1146 1037 illo
1174 998 1380 1049 tribunatu
1412 1011 1486 1049 ge-

114 1058 214 1094 stae.
258 1053 555 1094 Provinciarum
582 1055 687 1094 enim
714 1054 1005 1107 limitaneorum
1033 1054 1217 1094 lustratio
1242 1055 1338 1106 quid
1363 1055 1487 1103 aliud,

114 1123 293 1162 quaeso,
321 1115 431 1160 erat,
471 1124 589 1162 quam
628 1111 698 1150 illa
730 1115 816 1163 ipsa
857 1111 1148 1163 praesidiorum
1188 1111 1487 1151 limitaneorum

38 1175 40 1178 ’
111 1162 402 1218 περιπόλειαὲ
428 1167 495 1206 Sic
518 1180 662 1219 nempe
688 1171 874 1207 accurate
900 1169 1047 1206 nostris
1072 1168 1292 1207 rationibus
1318 1181 1486 1221 respon-

113 1223 186 1262 det
212 1223 331 1263 huius
359 1223 525 1263 militiae
552 1229 725 1276 tempus,
756 1224 790 1262 si
819 1224 981 1275 quidem
1010 1224 1076 1263 hic
1098 1224 1270 1264 Romani
1291 1224 1485 1277 Graecos,

111 1279 223 1332 quod
248 1280 292 1320 in
317 1280 523 1334 plerisque
550 1280 639 1321 aliis
668 1280 872 1331 solebant,
905 1280 1057 1320 fuerint
1084 1280 1243 1321 imitati.

169 1437 210 1492 §-
238 1440 306 1481 14-
347 1436 514 1478 Horum
543 1438 725 1478 omnium
761 1437 962 1478 honorum
998 1442 1187 1492 tempora
1214 1451 1242 1478 a
1269 1437 1431 1492 legibus

472 1495 697 1542 eonstituta
724 1495 870 1547 fuisse
907 1493 1114 1535 videntur.

222 1586 353 1639 Digna
378 1601 525 1640 porro,
565 1602 668 1641 quae
702 1590 1001 1642 expendantur,
1038 1589 1210 1629 arbitror
1234 1586 1385 1628 Velleii
1411 1587 1483 1628 illa

112 1642 156 1683 in
188 1642 266 1683 hac
301 1657 420 1684 eausa
457 1646 601 1684 verba:
643 1645 740 1686 Hoc
767 1644 934 1701 (inquit)
973 1652 1134 1699 tempus
1168 1658 1257 1695 me,
1282 1645 1482 1696 functum

113 1703 212 1739 ante
239 1700 453 1740 tribunatu
488 1707 743 1749 castrorum,
796 1702 957 1742 Tiberia·
981 1701 1180 1741 Caesaris
1213 1702 1386 1740 militem
1403 1702 1481 1752 se-

112 1755 182 1795 uit.
213 1755 372 1809 Quippe
387 1759 580 1810 protinus
608 1758 658 1797 ab
687 1757 910 1812 adoptione
935 1759 1089 1797 missus
1117 1771 1209 1796 cum
1237 1771 1287 1796 eo
1308 1758 1481 1810 praese-

109 1816 206 1851 ctus
234 1813 417 1864 equitum
445 1814 488 1851 in
513 1814 776 1854 Germaniam
795 1827 1022 1854 successor
1052 1815 1183 1866 officii
1205 1815 1345 1866 patris
1382 1814 1478 1860 mei,

110 1867 496 1908 coelestissimorum
531 1871 621 1913 eius
657 1883 826 1923 operum
860 1883 938 1923 per
978 1883 1110 1910 annos
1157 1871 1372 1910 continuos
1409 1869 1487 1909 IX

101 1925 350 1977 praejectus
386 1931 460 1965 aut
493 1926 678 1979 legatus,
717 1933 927 1980 spectator
964 1932 1007 1967 et
1035 1940 1118 1981 pro
1159 1932 1283 1980 captu
1321 1925 1480 1966 medio-

110 1981 277 2031 critatfis
303 1994 422 2020 meae
452 1982 645 2031 odiatur,
671 1983 755 2034 sui.
811 1984 858 2023 ld
891 1984 1021 2023 innuit
1051 1983 1261 2031 nimirum,
1290 1989 1334 2022 nt
1362 1988 1478 2035 puto,

107 2037 379 2076 necessarium
415 2039 613 2090 quendam
642 2040 769 2079 fuisse
797 2040 840 2079 in
870 2040 934 2079 his
962 2040 1183 2079 honoribus
1223 2053 1395 2087 nexum,
1432 2043 1478 2079 et

107 2095 288 2150 tempus,
322 2107 396 2146 pro
427 2096 624 2147 superiori
657 2096 747 2143 illa,
780 2097 892 2136 cuius
919 2097 1101 2136 meminit
1128 2097 1363 2143 Suetonius,
1392 2095 1478 2134 Au-

107 2151 215 2200 gusti
254 2150 539 2202 dispositione,
577 2152 811 2203 legitimum.
879 2153 940 2192 lta
975 2154 1162 2192 nimirum
1191 2158 1235 2192 ut
1270 2153 1476 2192 tribunatu

106 2205 270 2245 functus
301 2207 381 2246 dici
410 2220 488 2246 non
521 2209 720 2260 potuerit,
751 2209 827 2248 nisi
853 2213 1013 2262 tempus
1044 2210 1263 2249 tribunatui
1290 2209 1476 2247 universo

105 2262 363 2302 constitutum
397 2264 658 2316 explensseu
692 2270 758 2315 ut,
797 2272 961 2318 praeter
983 2267 1228 2306 tribunatum
1259 2266 1476 2316 legionum,

106 2317 208 2359 alius
235 2318 306 2358 ille
327 2319 550 2360 tribunatus
578 2327 798 2361 castrorum
825 2323 949 2362 fuerit
983 2323 1104 2363 etiam
1130 2322 1403 2367 necessarius3
1429 2325 1477 2360 ut

101 2373 310 2415 tribunatu
341 2381 512 2428 utroque
542 2377 706 2417 functus
747 2383 834 2418 tum
869 2379 1030 2418 demum
1074 2380 1200 2419 fuerit
1250 2390 1374 2417 novae
1415 2377 1476 2417 illi

106 2431 286 2482 equitnm
326 2434 608 2484 praefecturae
647 2439 848 2483 maturus,
900 2440 944 2474 et
986 2449 1062 2488 per
1108 2436 1242 2486 legem
1284 2435 1476 2482 idoneus3

106 2490 155 2524 ut
183 2487 357 2540 denique
389 2489 469 2530 hoc
499 2490 587 2542 ipso
622 2496 806 2544 tempore
839 2491 1039 2543 stipendia
1079 2493 1303 2532 tribunatus
1339 2491 1478 2542 exple-

106 2542 231 2592 verit,
267 2549 315 2585 ut
358 2545 439 2586 inm
487 2551 709 2588 castrorum
750 2547 824 2588 illo
857 2549 1062 2590 tribunatu
1095 2549 1282 2601 functus,
1319 2547 1478 2607 Tiberii

111 2653 385 2674 ᾖ

196 2730 372 2777 ³)1’nel.
394 2735 436 2772 v,
457 2735 504 2773 aa
525 2736 643 2783 spart.
665 2738 808 2776 Acirim.
838 2741 873 2784 s.
894 2736 954 2774 11.
