1728 3054
277 236 337 279 ‘18

567 229 617 272 G.
659 228 938 274 VELLml
973 231 1366 283 PATaRcUm

276 349 388 395 riam
429 345 595 404 filium,
647 361 827 394 cursum
871 346 916 392 in
958 348 1161 396 Africam
1206 351 1397 410 direxit,⁴
1442 355 1650 416 inopem-

277 432 367 476 que
412 415 545 459 vitam
599 415 647 459 in
701 416 883 476 tugurio
939 418 1164 465 ruinarum
1216 421 1649 483 Carthaginiensium

275 484 503 530 toleravit:
547 499 652 531 cum
695 484 892 543 Marius,
936 488 1151 548 aspiciens
1186 489 1533 553 Carthaginem,
1567 494 1649 539 illa

273 555 444 599 intuens
479 553 698 610 Marium,
742 555 854 599 alter
887 555 1013 601 alteri
1045 565 1227 618 possent
1261 568 1355 607 esse
1388 562 1559 606 solatio.

412 621 546 667 CAP.
591 623 688 668 XX.
742 624 848 669 Hoc
885 627 1081 686 primum
1111 643 1250 686 anno,
1295 632 1509 690 sanguine
1543 629 1646 676 cos.

272 691 470 737 Romani
503 691 653 737 militis
686 692 883 738 imbutae
918 711 1072 741 manus
1117 705 1236 743 sunt:
1288 700 1462 759 quippe
1506 700 1647 744 Pom-

270 762 421 822 peius,
459 760 641 822 collega
674 762 842 819 Sullae,
878 764 936 808 ab
969 767 1165 812 exercitu
1195 767 1277 813 Cn.
1300 768 1507 829 Pompeii
1532 783 1647 829 pro-

311 895 514 941 'inopcmqae
542 895 652 930 vitam
674 898 738 930 etc.
776 895 830 929 De
855 894 923 930 hac

267 941 378 976 Marii
401 941 519 985 inopia
542 946 593 975 est
614 942 709 975 locus
732 940 834 975 Diod.
851 941 922 977 Sic.

267 989 428 1032 Excerpt.
477 998 555 1032 pag.
603 987 683 1021 614.
730 987 791 1022 καὶ
820 987 921 1029 τέλος

265 1032 407 1078 ἐξέπεσε
430 1034 496 1078 τῆς
519 1032 660 1080 Λιβύης
682 1033 733 1074 εἰς
754 1031 820 1078 τήν
840 1036 921 1070 No-

265 1082 425 1125 μαδίαν,
458 1081 610 1122 δοῦλος,
644 1077 804 1122 ἄπορος,
835 1080 921 1126 ἕρη-

265 1139 334 1171 μος
358 1127 476 1171 σφῶν.
508 1127 569 1160 ubi
591 1126 820 1172 wesselingio
843 1128 921 1162 iure

264 1173 423 1218 displicet
457 1174 601 1214 δοῦλος.
633 1174 776 1216 Repone
807 1171 920 1210 ἄδου-

263 1222 345 1263 λος,
402 1216 570 1263 ἄπορος,
620 1217 753 1263 ἕρημος
786 1221 917 1262 φίλων.

261 1266 419 1310 Euripid.
443 1266 608 1300 Androm.
633 1266 712 1299 593.
739 1262 917 1314 ”Ακλῃστ’,

262 1309 413 1348 &laevane-
440 1309 594 1356 δώμαθ’
628 1310 751 1351 ἑστίας
787 1313 917 1348 λιπών.

260 1359 485 1404 Phrynichus
514 1362 680 1400 Παρασκ.
714 1369 801 1403 σοφ.
838 1360 916 1394 MS.

249 1403 426 1445 Ἀδουλος
449 1405 559 1451 βίος·’
575 1401 594 1440 ὁ
618 1403 668 1449 μὴ
691 1403 918 1441 δουλεύοντα
951 1441 954 1444 ,

258 1450 362 1497 ἔχων.
387 1452 532 1496 Appian.
556 1451 600 1485 de
632 1452 675 1485 Β.
700 1451 738 1485 C.
770 1453 797 1486 1.
829 1463 912 1498 pag.

256 1499 338 1534 651.
381 1496 402 1533 ὁ
445 1496 485 1532 δὲ
534 1495 685 1542 Μάριος
728 1498 914 1543 διέφυγεν,

257 1543 394 1590 ἔρημος
417 1542 604 1591 ’ὑπηρέτου
637 1555 676 1580 τε
707 1544 771 1580 καὶ
791 1544 914 1591 θερά-

195 1620 198 1625 .
254 1604 403 1633 nonos.

300 1674 378 1696 eum
395 1661 550 1704 Marius,
576 1660 744 1704 aspiciens
765 1660 915 1695 Cartha-

253 1709 386 1754 ginem.
432 1709 512 1741 Hoc
536 1711 637 1741 acute
666 1706 798 1740 dictum
832 1708 914 1741 Vel-

253 1755 344 1788 leius
375 1754 510 1788 effinxit
540 1764 583 1786 ex
624 1752 814 1797 magnifico
852 1754 915 1788 illo

253 1801 417 1835 Mariano
439 1800 531 1843 apud
555 1800 734 1834 Plutarch.
767 1799 804 1832 in
834 1800 915 1834 Ma-

253 1846 310 1881 rio
338 1858 420 1891 pag.
452 1846 534 1880 429.
566 1846 609 1879 B.
651 1842 818 1890 ἄγγελλε,
854 1843 914 1881 ὅτι

255 1890 376 1928 Γάϊον
411 1891 564 1935 Μάριον
596 1889 635 1926 ἐν
669 1892 735 1934 τῆς
767 1895 913 1937 Καρχη-

252 1937 366 1979 δόνος
397 1937 575 1983 ἐρειπίοις
608 1937 761 1982 φυγάδα
789 1941 909 1973 καθε-

250 1985 408 2029 ζόμενον
451 1983 555 2024 εἶδες.
603 1984 695 2028 quod
727 1986 908 2021 commode

249 2033 400 2076 explicat
422 2030 600 2065 Plutarch.
627 2027 674 2064 ου’
689 2031 811 2070 κακαῖς
829 2026 908 2074 ἅμα

247 2078 318 2125 τήν
347 2090 385 2114 τε
417 2078 483 2121 τῆς
512 2075 653 2116 πόλεως
683 2066 824 2122 ἐκεῖνης
846 2076 908 2113 τύ-

247 2137 319 2171 χην
352 2123 414 2160 καὶ
447 2121 515 2169 τὴν
538 2121 676 2158 ἑαυτοῦ
698 2121 907 2170 μεταβολήν

248 2171 289 2209 ἐν
324 2171 622 2215 παραδείγματος
661 2169 754 2215 λόγῳ
797 2170 907 2214 θέμε-

246 2230 324 2259 νος.
364 2218 462 2252 Idem
496 2216 602 2251 Marii
631 2215 761 2250 dictum
790 2228 906 2260 respe-

243 2265 336 2300 xisse
387 2263 548 2298 videntur
585 2263 709 2296 Manil.
753 2264 809 2297 lv.
845 2263 903 2298 47.

247 2312 348 2355 Quod
372 2311 481 2344 iacuit
517 2309 652 2353 Libycis
680 2321 818 2354 compar
846 2311 904 2344 ia-

244 2364 344 2392 ctura
373 2357 494 2390 ruinis.
535 2361 571 2389 et
609 2356 759 2390 incertus
799 2358 904 2399 poeta

241 2404 385 2438 Anthol.
428 2403 502 2437 hat.
548 2401 594 2436 T.
628 2402 656 2436 1.
696 2413 777 2447 pag.
820 2402 901 2437 535.

246 2451 320 2493 Quo
349 2450 500 2483 Marium
528 2449 618 2482 vidit
647 2459 777 2492 suppar
814 2449 902 2483 Car-

242 2497 353 2541 thago
372 2497 551 2530 iacentem.
575 2498 614 2528 ut
630 2494 808 2528 verissime
824 2506 899 2530 cor-

241 2543 330 2576 rexit
356 2543 392 2576 P.
419 2542 607 2576 Burmann.
632 2540 709 2576 Sec.
734 2541 899 2576 Omnium

239 2599 326 2622 vero
351 2589 482 2631 primus
505 2587 642 2630 Lipsius
667 2586 772 2631 vidit,
807 2588 900 2622 hunc

240 2634 364 2668 Velleii
396 2635 511 2668 locum
543 2633 736 2668 imitatione
760 2645 901 2678 expres-

238 2692 316 2716 sum
342 2692 415 2714 esse
438 2692 459 2714 a
483 2681 624 2714 Lucano
655 2681 698 2714 11.
731 2679 789 2715 90.
821 2681 899 2714 Na-

239 2727 289 2761 da
310 2727 517 2771 triumphati
544 2727 654 2761 iacuit
687 2737 752 2770 per
784 2725 899 2772 regna

238 2773 452 2820 Iugurthae,
488 2773 560 2831 ,Εἰ
602 2772 733 2808 Poenos
771 2773 901 2819 pressit

988 897 1128 934 cineres.
1181 900 1317 935 Solatia
1337 900 1417 945 sati
1450 900 1642 946 carthago,

992 944 1193 990 Mariusque
1219 948 1320 982 tulit.-
1359 947 1556 992 pariterque
1589 949 1644 981 ia-

988 996 1102 1024 centes
1133 992 1302 1037 Ignovere
1334 993 1419 1028 deis.
1452 994 1526 1028 Nec
1562 993 1644 1028 talis

988 1038 1060 1071 tam
1106 1038 1355 1081 exquisitarum
1393 1039 1643 1074 sententiarum

987 1094 1170 1118 consensus
1190 1083 1352 1120 fortuitus
1376 1085 1566 1119 existimari
1582 1085 1642 1119 de-

985 1129 1064 1171 bet,
1106 1131 1311 1174 praesertim
1349 1142 1428 1165 cum
1460 1131 1642 1166 Lucanum

985 1176 1058 1210 alia
1080 1186 1216 1220 quoque
1236 1177 1318 1211 aliis
1347 1178 1435 1213 locis
1465 1188 1488 1212 a
1510 1177 1643 1216 Velleio

984 1222 1170 1266 sumsisse,
1212 1223 1316 1259 certis
1352 1223 1490 1259 indiciis
1521 1224 1644 1269 depre-

982 1268 1216 1304 henderimus.

1029 1315 1129 1350 CAP.
1155 1316 1232 1349 XX.
1257 1317 1290 1358 ς.
1313 1315 1348 1352 1.
1380 1316 1534 1351 imbutae
1560 1327 1639 1349 ma-

983 1373 1058 1396 nus.
1082 1362 1241 1405 Exempl.
1272 1366 1341 1396 vet.
1371 1362 1498 1397 hahetz
1529 1363 1640 1397 imbu-

983 1412 1043 1442 tae
1064 1419 1187 1441 manus
1204 1412 1293 1441 sunt.
1318 1408 1458 1442 Bonan.

994 1446 1013 1468 ς
1027 1466 1151 1509 quippe
1176 1464 1366 1510 Pompeius.
1388 1465 1555 1501 Heinsius
1576 1466 1639 1500 be-

980 1521 1024 1544 ne
1048 1511 1142 1545 addit
1165 1522 1375 1555 praenomen
1401 1512 1441 1554 Q.
1467 1513 1559 1555 qnod
1581 1513 1639 1547 fa-

981 1557 1048 1591 cile
1069 1558 1227 1600 elapsum
1250 1561 1302 1591 est
1323 1561 1401 1602 post
1423 1559 1567 1604 quippe,
1599 1561 1638 1594 ut

978 1603 1059 1638 aliis
1079 1603 1178 1639 locis.

1027 1662 1075 1695 ad
1107 1661 1291 1696 exercitum
1326 1678 1376 1686 —
1415 1671 1520 1706 quam
1566 1661 1637 1697 dux

981 1713 1172 1743 creaverat.
1206 1707 1365 1752 Exempl.
1397 1712 1467 1742 vet.
1497 1707 1547 1742 sic
1568 1708 1638 1743 ha-

981 1755 1068 1796 bet,
1092 1758 1131 1788 ut
1161 1753 1306 1787 dubium
1339 1752 1429 1787 mihi
1451 1753 1518 1796 sit,
1553 1757 1634 1789 utra

979 1800 1024 1834 sit
1046 1800 1162 1835 verior
1191 1800 1402 1843 lectionum,
1435 1800 1499 1835 illa
1528 1811 1636 1845 supe-

978 1846 1075 1888 rior,
1111 1858 1156 1880 an
1178 1847 1267 1880 haec
1290 1845 1478 1889 posterior:
1508 1847 1634 1891 quippe

979 1893 1178 1936 Pompeius,
1221 1893 1357 1939 collega
1399 1893 1534 1936 Syllae,
1586 1893 1632 1926 ab

978 1940 1128 1972 exercitu
1158 1939 1218 1971 Cn.
1251 1937 1392 1981 Pompei
1422 1939 1634 1982 proconsulis

975 1985 1162 2025 seditione,
1192 1984 1253 2018 sed
1274 1995 1378 2029 quam
1395 1984 1465 2018 dua·
1492 1996 1633 2018 creave-

973 2036 1054 2071 rat,
1085 2032 1285 2074 interfectus
1307 2035 1368 2064 est.
1394 2031 1525 2065 Dubito
1546 2042 1632 2064 non·-

973 2076 1084 2118 nihil,
1125 2087 1169 2110 an
1202 2087 1264 2120 pro
1295 2082 1474 2110 creaverat
1512 2077 1632 2121 legen-

973 2123 1056 2156 dum
1096 2122 1140 2156 sit
1171 2123 1343 2156 exciverat
1370 2123 1427 2156 vel
1451 2123 1631 2157 varestone--

973 2174 1041 2203 rat.
1067 2169 1213 2203 Bonna.
1247 2169 1311 2203 Ed.
1345 2180 1397 2213 pr.
1421 2169 1547 2210 habet,
1580 2168 1630 2214 ad

974 2217 1179 2257 exereitum,
1249 2215 1435 2249 manifesto
1498 2226 1628 2250 errore.

977 2263 1103 2296 Greare
1153 2262 1352 2296 seditionem
1399 2272 1470 2294 non
1514 2261 1630 2306 magis

971 2308 1085 2349 mihi,
1129 2319 1234 2351 quam
1269 2306 1432 2348 Heinsio,
1463 2307 1628 2342 Latinum

970 2354 1117 2389 videtur.
1149 2355 1239 2396 Nec,
1269 2353 1360 2396 quod
1395 2353 1515 2387 Latine
1539 2353 1628 2388 dici-

970 2404 1048 2442 tur,
1106 2411 1223 2434 creare
1272 2400 1482 2444 periculum,
1534 2400 1626 2442 lites,

971 2447 1096 2488 odium,
1120 2450 1184 2480 etc.
1208 2450 1414 2491 argumento
1437 2449 1508 2487 est,
1532 2449 1626 2480 recte

969 2493 1058 2535 dici,
1101 2504 1219 2526 creare
1259 2493 1470 2526 seditionem.
1519 2491 1626 2526 Talia

966 2551 1034 2574 non
1058 2539 1243 2582 analogia,
1282 2539 1341 2572 sed
1366 2544 1520 2572 veterum
1542 2549 1625 2571 con-

965 2585 1144 2620 suetudine
1165 2584 1349 2618 iudicanda
1382 2588 1480 2626 sunt,
1512 2587 1551 2618 ut
1572 2595 1625 2618 re-

966 2635 1021 2666 cto
1053 2635 1170 2665 monet
1201 2632 1324 2666 Bnrm.
1354 2630 1503 2665 Miscell.
1537 2629 1626 2664 obn.

966 2678 1057 2712 V111.
1082 2688 1165 2723 pag.
1191 2676 1272 2713 368.
1296 2678 1408 2711 Immo
1431 2688 1510 2711 cum
1533 2676 1624 2710 haec

964 2724 1128 2768 loquendi
1172 2723 1281 2767 ratio,
1347 2723 1449 2758 cuins
1495 2721 1624 2756 millies

964 2770 1183 2815 usurpandae
1225 2769 1362 2806 occasio
1408 2769 1499 2814 fuit,
1551 2768 1622 2803 hoo
