1728 3054
203 182 281 223 clv
521 179 806 225 NOTITIA
847 178 1269 224 LITTERARIA.

318 294 487 336 Praeter
515 292 620 333 haec
649 292 816 333 variavit
843 304 944 345 opus
974 304 1091 333 suum
1119 291 1316 343 Velleius,
1338 291 1438 348 qni,
1467 293 1585 347 quid-

207 351 305 404 quid
333 351 438 390 scitu
477 348 755 400 dignissimum
787 352 909 401 atque
942 349 1198 389 utilissimum
1235 354 1324 390 erat
1337 378 1350 398 ,
1388 353 1587 403 sequeba-

209 411 298 456 tur,
327 405 664 456 digressionibus,
694 405 837 456 quibus
865 417 1015 457 genera
1044 406 1240 458 quaedam
1267 406 1408 446 talium
1435 419 1587 456 rerum,

211 477 238 505 e
273 461 441 512 singulis
478 461 680 501 aetatibus
730 461 1034 514 decerptarum,
1081 475 1161 502 una
1207 463 1345 515 specie
1382 468 1588 504 contracta

212 518 545 571 comprehendit,
590 520 633 557 et
673 518 767 571 post
793 518 954 570 longam
984 520 1293 572 continuamque
1327 532 1464 559 rerum
1500 520 1602 560 aevi'

213 575 424 616 cuiusdam
463 579 670 628 gestarum
704 576 1019 624 enarrationem,
1065 576 1134 615 ubi
1172 576 1395 616 subsistere
1428 577 1590 626 licebat,

213 631 442 684 legentibus
486 632 669 683 requiem
706 635 748 671 et
781 632 1016 672 diverticula
1052 636 1192 684 parat,
1237 633 1477 685 generisque
1515 633 1592 673 ha·-

214 701 305 729 rum
340 701 477 731 rerum
514 688 642 741 ipsius
681 688 867 730 notitiam
896 689 1014 730 altius
1041 690 1320 730 inhaerentem
1348 690 1592 742 suppeditat.

217 745 341 786 Cuius
369 745 432 784 rei
466 745 675 786 consilium
703 745 791 797 ipse
819 746 983 798 exponit
1022 745 1051 785 1.
1081 750 1149 790 14.
1187 746 1274 786 Duo
1303 750 1437 786 autem
1466 747 1594 787 maxi-

215 815 284 843 me
313 807 407 842 sunt
433 814 568 846 rerum
598 814 769 854 genera,
799 815 902 853 quae
931 816 954 841 a
982 807 1179 856 perpetua
1206 807 1329 855 atque
1362 807 1475 843 recta
1502 816 1596 843 nar-

217 858 386 900 rationis
414 858 477 898 via
504 858 737 910 digrediens
764 859 1042 910 perlustravit:
1091 860 1262 899 alterum
1297 860 1349 899 ad
1387 860 1596 900 literarum

219 928 295 969 per
333 915 510 958 diversas
547 919 700 955 aetates
745 916 853 955 inter
893 916 1073 956 Graecos
1111 915 1394 968 Romanosque
1433 921 1597 967 statum,

222 973 394 1014 alterum
423 972 476 1012 ad
505 972 608 1012 fines
635 972 796 1024 imperii
824 973 1077 1025 civitatisque
1112 972 1319 1012 Romanae
1355 978 1600 1027 propagatos

222 1030 445 1083 pertinens.
504 1029 572 1070 Sic
611 1032 697 1069 tum
733 1029 785 1068 ad
825 1029 1003 1069 colonias
1044 1029 1226 1069 conditas
1259 1033 1302 1069 et
1329 1029 1513 1070 civitates
1542 1029 1601 1070 ci-

222 1087 330 1128 vium
359 1086 478 1126 Rom.
507 1086 594 1126 iure
623 1087 810 1136 donatas,
849 1087 1079 1126 narratione
1116 1087 1169 1126 ad
1207 1086 1493 1138 Carthaginem
1529 1087 1602 1125 de-

223 1143 348 1182 letam
378 1143 595 1194 perducta3
636 1141 700 1197 (Ι.
731 1147 797 1186 14.
831 1141 927 1197 15.)
967 1147 1054 1182 tum
1088 1143 1140 1182 ad
1176 1144 1399 1195 provincias
1428 1142 1604 1183 Romani

224 1199 408 1251 imperii,
438 1212 462 1238 a
490 1199 628 1251 Syria,
657 1199 841 1252 Pompeii
865 1200 1014 1240 virtute
1032 1201 1229 1249 subacta,
1258 1201 1603 1261 opportunitatem

225 1260 390 1304 nactus,
421 1253 487 1310 (11.
516 1259 584 1298 38.
615 1260 658 1296 et
684 1255 774 1310 39.)
805 1257 1008 1304 excurrit,
1036 1257 1232 1310 incipiens
1260 1257 1423 1308 quidem
1451 1258 1501 1296 ab
1529 1257 1607 1296 ha-

224 1326 315 1354 rum
353 1325 489 1353 rerum
526 1313 673 1363 initiis,
721 1314 809 1356 sed,
833 1326 1075 1365 procurrens
1113 1313 1282 1353 ulterius
1321 1313 1373 1352 ad
1410 1319 1607 1364 extrema,

227 1370 300 1410 ubi
329 1368 537 1409 desierunt
570 1373 767 1422 tempora,
796 1375 862 1420 ut,
890 1370 1084 1422 quidquid
1112 1370 1358 1410 coloniarum
1387 1371 1607 1417 conditum,
1648 1362 1661 1364 ’-

229 1426 426 1478 quidquid
453 1426 745 1478 provinciarum
775 1427 826 1466 ad
856 1439 969 1466 suam
1000 1439 1130 1479 usque
1159 1430 1334 1466 aetatem
1356 1427 1509 1467 factum
1539 1426 1608 1475 sit,

229 1483 295 1524 his
324 1482 611 1523 duobus-locis
649 1483 1026 1535 comprehenderet.
1082 1483 1146 1523 Ad
1181 1483 1319 1523 literas
1354 1496 1450 1523 vero
1481 1483 1610 1522 Grae-

231 1552 301 1582 cas
339 1552 386 1579 ac
424 1539 626 1583 Romanas
667 1540 775 1591 quod
812 1541 978 1590 attinet,
1013 1540 1186 1592 primum
1224 1543 1319 1592 post
1351 1539 1610 1580 Macedonici

230 1596 348 1648 regni
387 1597 559 1646 exitum,
613 1597 944 1648 Carthaginisque
981 1602 1024 1637 et
1063 1596 1247 1638 Corinthi
1283 1597 1509 1646 excidium,
1558 1607 1611 1635 ex

234 1666 315 1706 quo
343 1653 439 1693 inde
474 1654 570 1693 illae
611 1654 904 1702 deflorescere,
943 1654 1024 1694 hae
1062 1666 1158 1694 vero
1197 1654 1428 1694 increscere
1463 1665 1610 1705 coepe-

184 1735 187 1738 *
232 1714 352 1758 runt,
382 1710 580 1750 lectorum
607 1713 766 1750 mentes
796 1710 977 1752 Velleius
1007 1711 1057 1750 ad
1090 1723 1180 1750 eam
1207 1723 1319 1758 rem,
1363 1722 1467 1762 quae
1495 1715 1614 1749 suum

235 1767 411 1808 animum
440 1767 702 1806 vehementer
729 1767 997 1818 percellebat,
1036 1766 1231 1815 intendit,
1271 1766 1340 1817 qui
1367 1767 1524 1806 scilicet
1551 1765 1614 1805 fa-

235 1827 346 1866 ctum
375 1823 450 1874 sit,
480 1827 525 1862 ut
554 1836 709 1862 summa
745 1823 952 1863 literarum
981 1823 1206 1874 artiumque
1240 1824 1513 1874 cuiuscunque
1543 1834 1615 1872 ge-

235 1880 346 1920 neris
372 1879 572 1932 perfectio
600 1880 707 1919 inter
739 1884 954 1931 utrumque
981 1879 1174 1931 populum
1210 1885 1379 1931 angusto
1414 1879 1614 1932 ,temporis

238 1936 370 1989 spatio
406 1936 624 1975 finiretur?
673 1936 791 1987 Quod
827 1936 885 1975 ita
925 1936 1107 1975 evenisse
1134 1936 1177 1975 in
1205 1936 1371 1987 singulis
1401 1936 1616 1987 generibus

240 1994 384 2041 docet,
431 2005 652 2044 causasque
687 1993 872 2044 indagat,
917 1993 1159 2043 adiicitque,
1210 1993 1318 2044 quod
1356 2006 1437 2032 non
1483 1993 1646 2032 minus·

238 2049 465 2089 mirandum
494 2054 602 2098 erat,
631 2049 878 2093 Graecorum
907 2050 1067 2101 ingenia
1094 2053 1216 2101 atque
1243 2054 1352 2089 artes
1380 2049 1470 2088 unis
1488 2049 1618 2089 Athe-

241 2107 304 2146 nis
334 2107 424 2146 fere
453 2118 545 2146 esse
571 2106 766 2153 inclusas3
793 2107 872 2146 vid.
901 2106 932 2146 Ι.
967 2109 1125 2147 16-18.
1167 2106 1323 2145 Deinde
1362 2110 1453 2158 post
1491 2105 1617 2147 Grac-

242 2163 393 2203 chanas
430 2163 669 2211 seditiones,
710 2163 817 2202 circa
845 2176 942 2214 quas
971 2162 1084 2201 initia
1112 2162 1319 2202 literarum
1348 2162 1618 2202 Romanarum

245 2220 613 2268 efflorescentium,
641 2219 823 2272 inprimis
853 2220 1051 2260 oratoriae
1080 2220 1200 2270 artis,
1228 2219 1433 2267 incidunt,
1459 2230 1619 2257 summa

246 2276 407 2327 ingenia
437 2280 661 2324 oratorum,
682 2278 902 2328 'poetarum
934 2280 976 2315 et
1004 2275 1288 2315 historicorum
1316 2276 1434 2315 huius
1465 2279 1507 2314 et
1527 2287 1621 2327 pro-

247 2333 346 2375 ximi
375 2334 482 2382 aevi,
512 2334 624 2375 brevi
653 2345 742 2373 cum
771 2333 919 2372 iudicio
948 2336 1175 2380 enumerat3
1215 2333 1294 2371 vid.
1327 2332 1378 2371 Π.
1406 2335 1447 2373 9.
1476 2331 1620 2382 Neque

246 2391 402 2439 minus,
440 2393 652 2442 postquam
680 2390 855 2429 narratio
891 2389 1065 2429 deducta
1095 2392 1182 2428 erat
1211 2389 1262 2428 ad
1291 2388 1497 2428 Ciceronis
1526 2400 1621 2427 con-

248 2447 447 2494 sulatum,
483 2460 506 2486 a
535 2459 614 2498 quo
642 2446 739 2486 inde
766 2446 938 2497 Augusti
965 2449 1101 2493 aetas,
1134 2449 1176 2484 et
1205 2444 1458 2496 eloquentiae
1486 2444 1622 2483 litera-

247 2516 417 2554 rumque
453 2502 725 2543 Romanarum
770 2507 996 2542 ceterarum
1035 2514 1191 2541 summa
1232 2501 1430 2554 perfectio
1468 2500 1622 2552 incipit,

247 2559 366 2599 huius
403 2560 491 2598 aevi
529 2556 788 2599 excellentia
807 2558 967 2612 ingenia
1003 2558 1057 2598 ad
1087 2571 1160 2599 sua
1186 2570 1314 2611 usque
1341 2562 1524 2610 tempora
1554 2568 1622 2596 re—

246 2620 410 2663 censet3
437 2616 518 2656 vid.
549 2616 599 2656 Il.
628 2618 699 2658 36.

357 2671 442 2713 Iam
467 2673 689 2723 videamus,
717 2671 916 2725 quomodo
948 2674 991 2712 et
1020 2670 1192 2710 oratoris
1222 2669 1334 2722 quasi
1361 2672 1499 2723 partes
1527 2679 1623 2719 ege-

245 2728 300 2769 rit
334 2728 549 2771 historicus
586 2734 736 2772 noster.
794 2728 888 2782 lpse
915 2728 1023 2769 enim
1050 2740 1187 2768 rerum
1223 2727 1333 2767 varie
1361 2725 1624 2785 afficientium
