1728 3054
179 209 320 246 CLXVI
442 200 697 244 CAROLI
745 167 1331 243 MORGnNsT-ERNH*

189 315 460 366 accusandus,
498 327 644 354 accusa
686 313 913 366 praedones
962 313 1166 366 gentium,
1210 318 1396 367 raptores
1446 317 1575 366 orbis,

191 375 417 420 Romanos,
474 372 542 423 qui
587 384 612 410 a
657 371 798 423 quovis
845 371 1017 424 populo,
1075 371 1303 411 libertatem
1349 385 1463 413 suam
1509 379 1577 414 aut

192 434 334 472 tuente
361 434 432 469 aut
461 428 712 478 vindicante,
758 440 914 472 summa
940 428 1087 468 iniuria
1123 441 1171 468 se
1209 429 1379 470 affectos
1403 431 1576 471 arbitra-
1603 453 1606 455 Δ

195 489 355 528 bantur.

306 542 356 582 Π.
386 544 482 584 122.
536 540 639 591 Quis
673 553 758 582 non
792 542 902 582 inter
937 542 1127 596 reliqua,
1167 543 1314 596 quibus
1349 544 1580 598 singularis

199 598 437 641 moderatio
463 597 547 638 Tib.
570 597 765 639 Caesaris
793 599 927 639 elucet
957 603 1083 652 atque
1112 601 1285 649 eminet,
1315 600 1393 640 hoc
1421 614 1582 655 quoque

197 658 399 707 miretur,
433 654 565 710 quod,
603 670 698 696 cum
725 656 816 695 sine
843 655 933 696 ulla
962 655 1225 697 dubitatione
1253 663 1409 710 septem
1437 659 1583 698 trium·-

189 713 300 768 phos
328 713 554 762 meruerit,
583 714 717 754 tribus
745 717 966 753 contentus
986 713 1155 765 fuerit?
1194 715 1319 765 Quasi
1346 714 1413 754 hic
1441 716 1584 754 trium-

197 770 372 823 phorum
401 783 590 810 numerus
619 771 736 810 unius
764 769 944 820 Tiberii,
984 783 1060 809 nec
1090 772 1224 823 potius
1263 772 1452 824 Augusti,
1491 784 1586 811 sen-

197 827 328 867 tentia
366 827 620 867 definiendus
658 827 820 867 fuisset.
889 827 1080 867 Ceterum
1118 827 1307 867 Tiberius
1351 830 1440 881 ipse
1478 828 1586 880 apud

201 883 390 924 Tacitum
428 884 570 924 Annal.
610 884 684 924 111.
713 886 783 925 47.
820 883 1032 935 ambitiose
1066 890 1264 925 memorat
1302 890 1363 925 tot
1393 891 1586 939 receptos

202 941 248 980 in
275 942 447 983 iuventa
479 946 554 981 aut
586 945 807 994 spretos
837 940 1078 993 triumphos.

319 998 367 1037 Π.
399 1000 496 1040 123.
554 997 878 1050 Ingravescente
903 997 950 1036 in
979 996 1071 1036 (lies
1094 997 1352 1047 valetudine,
1383 1011 1477 1038 cum
1508 1000 1588 1038 sci-

201 1058 292 1102 ret,
323 1055 431 1108 quis,
469 1055 622 1095 volenti
651 1054 790 1094 omnia
813 1057 911 1107 post
945 1067 992 1093 se
1019 1055 1138 1094 salva
1166 1067 1407 1103 remanere,
1449 1062 1589 1095 arces-

203 1111 362 1152 sendus
392 1113 536 1164 soret,
574 1112 839 1164 festinanter
868 1112 1079 1150 revocavit
1102 1111 1256 1164 filium.
1314 1111 1392 1151 Ille
1421 1110 1479 1151 ad
1510 1125 1591 1166 pa-

203 1174 312 1209 trem
333 1169 504 1222 patriae
531 1172 773 1222 exspectato
801 1168 1005 1207 revolavit
1039 1169 1258 1207 maturius.
1332 1168 1436 1207 Tum
1473 1181 1592 1208 secu·

203 1238 299 1265 rum
327 1239 372 1264 se
392 1225 616 1278 Augustus
636 1223 913 1278 praedicans,
943 1225 1303 1278 circumfususque
1336 1225 1592 1278 amplexibus

211 1281 369 1322 Tiberii
394 1282 465 1322 sui
471 1312 483 1329 ,
512 1281 808 1322 commendans
830 1281 894 1320 illi
921 1294 1002 1321 sua
1030 1286 1157 1334 atque
1183 1282 1318 1334 ipsius
1346 1294 1489 1335 opera,
1515 1292 1593 1320 nec

203 1339 425 1393 quicquam
452 1339 537 1379 iam
566 1337 621 1378 de
635 1339 753 1391 fine⁷
782 1338 823 1377 si
845 1338 951 1390 sata
973 1343 1222 1391 poscerent,
1251 1350 1468 1387 recusans,
1498 1337 1595 1378 sub-

205 1396 389 1447 refectus
416 1397 560 1450 primo
601 1398 823 1448 conspectu
856 1395 1125 1447 alloquioque
1160 1395 1370 1434 carissimi
1405 1395 1485 1434 sibi
1510 1395 1596 1447 spi-

206 1453 317 1491 ritus
353 1452 433 1492 etc.
493 1451 632 1502 Quid?
669 1451 705 1490 si
733 1451 836 1490 haec
863 1450 962 1489 ficta
991 1451 1158 1490 essent‘!
1198 1450 1272 1490 Dio
1314 1454 1428 1490 certe
1466 1449 1597 1505 (LVI.

146 1521 149 1527 ·
207 1521 299 1561 pag.
327 1507 443 1563 830.)
483 1509 638 1548 Liviam
675 1508 847 1559 Augusti
876 1510 1048 1546 mortem
1089 1520 1218 1558 usque
1261 1507 1313 1546 ad
1342 1507 1500 1547 Tiberii
1527 1507 1598 1546 ad*-

207 1569 372 1605 ventum
402 1567 505 1605 clam
532 1565 726 1605 habuisse
755 1568 910 1604 narrat:
939 1565 1000 1602 sic
1027 1564 1243 1616 plerosque
1269 1569 1312 1603 et
1338 1564 1422 1613 fide
1441 1564 1598 1616 dignio-

208 1635 277 1662 res
308 1627 494 1662 auctores
524 1623 699 1662 tradere.
755 1622 810 1661 At
840 1621 1056 1660 Suetonius
1095 1620 1187 1660 Tib.
1217 1624 1284 1663 21.
1326 1619 1465 1676 (conf.
1495 1623 1598 1672 Aug.

210 1676 301 1734 98.)
330 1693 354 1718 a
374 1679 541 1719 Tiberio
568 1680 800 1733 spirantem
829 1677 967 1717 adhuc
990 1677 1234 1731 Augustum
1257 1683 1471 1731 repertum
1494 1690 1600 1727 esse,

214 1740 257 1775 et
283 1749 370 1776 una
398 1742 560 1776 secreto
578 1749 661 1789 per
687 1740 820 1774 totum
848 1733 960 1774 diem
988 1747 1059 1774 eos
1073 1735 1237 1786 fuisse,
1267 1735 1456 1774 affirmat.
1515 1733 1601 1773 Ta-

216 1792 320 1832 citus
349 1805 446 1832 vero
477 1792 641 1847 (Ann.1.
662 1789 724 1848 5.)
752 1790 947 1841 Vixdum,
975 1792 1117 1842 inquit,
1141 1793 1360 1843 ingressus
1381 1791 1603 1844 Illyricum

223 1848 437 1899 Tiberim,
480 1849 672 1902 properis
704 1849 855 1887 matris
900 1848 1053 1886 litteris
1087 1849 1270 1898 accitur,
1317 1862 1453 1901 neque
1495 1848 1602 1887 satis

216 1913 471 1959 compertum
498 1911 583 1956 est,
613 1905 841 1958 spirantem
869 1903 1007 1943 adhuc
1030 1904 1274 1957 Augustum
1309 1904 1424 1957 apud
1457 1903 1603 1944 urbem

217 1961 405 2011 Nolam,
435 1975 490 2001 an
525 1962 760 2002 exanimem
784 1961 991 2014 repererit
998 1976 1018 2008 ;
1058 1961 1223 2001 aeribus
1254 1974 1434 2014 namque
1466 1966 1604 2000 custo-

219 2018 302 2058 diis
338 2018 504 2059 domum
540 2023 581 2058 et
619 2019 709 2057 vias
750 2022 940 2071 sepserat
975 2016 1123 2057 Livia:
1170 2018 1354 2070 laetique
1389 2016 1605 2057 interdum

218 2077 359 2115 nuntii
387 2075 690 2128 vulgabantur‚
721 2073 874 2122 donec,
899 2075 1102 2127 provisis,
1141 2081 1249 2128 quae
1275 2079 1437 2127 tempus
1466 2086 1607 2113 mone-

219 2131 312 2180 bat,
352 2132 476 2172 simul
518 2132 750 2172 excessisse
787 2130 1052 2184 Augustum,
1091 2135 1132 2170 et
1167 2144 1310 2171 rerum
1344 2130 1480 2184 potiri
1514 2129 1607 2169 Ne-

221 2201 390 2238 ronem,
408 2189 537 2242 fama
566 2187 714 2229 eadem
740 2187 845 2229 tulit.
902 2187 947 2226 ln
976 2192 1107 2227 utram
1137 2189 1293 2240 partem
1323 2186 1608 2226 discedamns‘!

224 2246 433 2285 Fabricius
472 2246 523 2284 ad
562 2244 677 2284 Dion.
713 2245 739 2283 l.
769 2258 804 2284 c.
843 2243 993 2283 Velleii
1033 2249 1076 2284 et
1117 2244 1300 2284 Suetonii
1337 2243 1608 2283 narrationem

224 2302 418 2355 praefert.
476 2301 694 2354 Utcunque
727 2306 814 2352 est,
850 2301 892 2340 id
922 2305 1035 2341 certe
1065 2315 1115 2340 ex
1143 2300 1293 2341 Velleii
1321 2300 1411 2339 loco
1440 2313 1520 2340 non
1547 2303 1611 2338 te-

225 2372 339 2398 mere
377 2356 635 2411 colligemus‚
678 2358 889 2398 Tiberium
926 2358 984 2398 ita
1021 2359 1151 2397 videri
1189 2357 1386 2405 voluisse,
1430 2369 1475 2396 se
1518 2367 1612 2395 cum

225 2416 466 2455 moribundo
509 2417 690 2468 Augusto
729 2415 860 2454 adhuc
900 2415 1163 2463 collocutum,
1211 2428 1236 2453 a
1280 2418 1398 2467 patre
1434 2411 1607 2466 reipubl.

225 2473 565 2525 administrandae
590 2471 757 2512 consilia
784 2472 1003 2525 accepisse.

894 2604 966 2648 Vl.

341 2697 442 2739 Inde
470 2712 495 2738 a
523 2711 612 2752 cap.
642 2700 739 2742 124.
777 2711 846 2738 res
889 2697 965 2737 sub
1006 2695 1175 2736 Tmnmx
1216 2694 1422 2735 Gasima
1452 2693 1615 2749 princi-

219 2759 330 2810 patu
358 2760 498 2809 gestae
530 2759 800 2810 exponuntur.»
825 2755 908 2795 Iam
939 2748 1169 2807 pa'nduntur
1195 2753 1435 2793 laudationis
1458 2751 1557 2791 vela.
