1728 3054
247 165 335 207 224

558 162 606 204 G.
635 159 920 203 VELLEII
961 159 1358 214 PATERCULI

389 274 524 321 CAP.
564 274 706 320 XCV.
765 273 1015 321 Reversum
1063 276 1168 322 inde
1203 277 1430 324 Neronem
1470 279 1636 326 Caesar

251 343 377 390 haud
409 343 652 389 mediocris
690 344 799 389 belli
826 345 958 390 mole
991 346 1183 405 experiri
1222 347 1393 404 statuit,
1429 348 1635 394 adiutore

254 413 405 472 operis
441 412 550 456 dato
580 413 718 457 fratre
747 414 884 472 ipsius
920 413 1068 458 Druso
1102 414 1321 471 Claudio,
1356 431 1493 475 quem
1520 418 1634 461 intra

213 481 456 532 2Caesaris
495 487 683 541 penates
712 483 839 526 enixa
870 487 963 527 erat
1000 482 1142 528 Livia.

1210 483 1397 544 Quippe
1431 491 1632 545 uterque,

253 550 402 595 divisis
435 551 649 609 partibus,
683 551 861 595 Rhetos
884 551 1238 611 Vindelicosque
1271 554 1486 614 adgressi,
1513 555 1634 599 mul*-

252 620 309 664 tis
336 619 514 670 urbium
551 625 595 664 et
632 621 920 665 castellorum
951 622 1389 685 oppugnationibus,
1423 638 1508 671 nee
1541 639 1633 668 non

253 689 427 734 directa
457 704 639 750 quoque
673 691 771 734 acie
812 689 1002 735 feliciter
1029 690 1195 746 functi,
1229 697 1386 750 gentes
1417 692 1530 736 locis
1559 698 1634 736 tu-

251 758 464 814 tissimaS,
499 758 624 802 aditu
661 758 975 815 difficillimas,
1018 774 1205 804 numero
1237 760 1518 818 frequentes,
1561 761 1634 805 fe·-

253 827 384 871 ritate
408 832 572 885 truces,
605 827 776 872 maiore
805 842 908 872 cum
937 828 1158 887 periculo,
1179 843 1316 891 quam
1340 829 1506 874 damno
1526 830 1630 874 Ro·-

253 895 374 940 mani
407 896 648 954 exercitus,
683 897 880 955 plurimo
923 910 1027 947 cum
1060 912 1212 941 earum
1250 899 1487 958 sanguine,
1522 914 1633 959 per-

212 972 243 1012 3
255 965 538 1012 domuerunt.

618 966 739 1010 Ante
771 980 889 1024 quae
923 970 1131 1025 tempora
1171 980 1356 1013 censura
1393 967 1549 1014 Planci
1589 973 1633 1012 et

251 1034 381 1079 Pauli
418 1040 518 1079 acta
553 1034 666 1078 inter
699 1034 985 1091 discordiam,
1026 1050 1174 1093 neque
1203 1035 1309 1095 ipsis
1338 1034 1516 1095 honori,
1551 1052 1633 1081 ne-

250 1118 341 1162 que
377 1102 553 1162 reipub.
583 1102 679 1147 usui
713 1103 822 1149 fuit:
858 1117 961 1149 cum
990 1104 1119 1148 alteri
1157 1104 1220 1148 vis
1255 1105 1470 1162 censoris,
1506 1104 1634 1149 alteri

249 1173 341 1218 vita
378 1171 573 1216 deesset:

295 1326 397 1362 GAP.
428 1326 533 1361 XCV.
571 1328 605 1369 §-
628 1326 663 1361 1.
707 1326 788 1362 belli
819 1326 908 1362 mole

249 1374 409 1419 experiri.
442 1373 612 1407 Dedimus
632 1376 767 1417 certam
790 1374 904 1407 Hein-

247 1421 292 1455 sii
319 1419 596 1455 emendationem
636 1431 700 1463 pro
734 1419 909 1463 scriptura

247 1467 342 1502 Edit.
366 1478 418 1510 pr.
446 1467 527 1500 belli
550 1466 674 1505 molem
700 1467 858 1511 experiri.

297 1526 330 1567 ἓ.
365 1524 400 1558 2.
437 1524 557 1558 divisis
576 1524 747 1568 partibus.
772 1524 826 1558 Ex
848 1522 907 1558 his

247 1570 366 1605 verbis
395 1569 576 1604 Bentleius
607 1571 652 1605 ad
683 1571 810 1604 Horat.
848 1570 907 1605 lv.

249 1618 366 1652 Carm.
390 1615 424 1652 4.
453 1614 509 1651 17.
539 1615 698 1660 colligit,
721 1615 907 1651 Tiberium

248 1664 420 1705 Rhaetos,
442 1664 594 1697 Drusum
618 1662 815 1697 Vindelicos
842 1674 910 1707 ag-

247 1716 411 1756 gressum
444 1721 529 1743 esse.
562 1708 707 1743 Rectius
729 1710 908 1743 Dra‘kenb.

248 1757 294 1791 nd
325 1756 401 1790 Liv.
436 1756 504 1799 Ep.
539 1754 620 1789 136.
651 1755 836 1789 Tiberium
872 1758 907 1790 et

247 1804 406 1837 Drusum
439 1807 625 1844 utramque
655 1806 795 1846 gentem
818 1801 907 1836 divi-

248 1849 297 1883 sis
329 1846 459 1893 copiis,
491 1846 639 1882 diversis
668 1847 910 1892 locis,‘iuva-

247 1906 348 1930 sisse.

293 1965 356 1987 nec
387 1963 468 1986 non.
509 1946 577 1986 His
622 1950 807 1995 particulis
847 1950 909 1996 qui

246 2000 395 2035 meliore
430 1999 544 2033 aetate
580 2009 646 2042 pro
672 2003 707 2033 et
729 1998 766 2034 in
794 1999 908 2053 soluta

247 2046 404 2082 oratione
434 2039 491 2078 nsi
530 2043 618 2087 sint,
657 2055 726 2078 non
760 2044 908 2089 reperio,

245 2096 386 2137 praeter
410 2091 556 2125 Varron.
589 2091 632 2123 de
656 2091 702 2125 R.
728 2090 907 2127 R.1.13.

245 2139 306 2175 35.
329 2143 364 2173 et
387 2137 551 2182 Trogum
572 2136 633 2172 IV.
657 2138 691 2173 1.
714 2138 771 2172 VI.
791 2138 827 2173 3.

296 2200 420 2243 gentes
467 2195 550 2229 locis
599 2194 793 2230 tutissimas
840 2196 909 2229 etc.

245 2243 292 2279 ΙΙ.
317 2242 396 2276 106.
423 2242 596 2284 iuventus,
621 2242 760 2284 infinita
787 2252 910 2275 nume-

248 2302 307 2331 ro,
334 2290 502 2323 immensa
527 2289 744 2331 corporibus,
768 2288 839 2321 sita
855 2287 907 2320 lo-

247 2347 364 2370 corum
400 2334 595 2369 tutissima.
635 2333 769 2368 Similis
808 2334 907 2367 locus

247 2380 426 2416 Ciceronis
465 2391 529 2424 pro
561 2380 723 2414 Marcell.
755 2379 791 2414 3.
832 2379 906 2412 Do-

246 2429 366 2462 muisti
397 2432 523 2472 gentes
561 2426 782 2460 immanitate
821 2426 904 2459 bar-

247 2475 376 2515 baras,
414 2473 636 2507 multitudine
667 2471 906 2506 innumerabi-

247 2522 320 2565 les,
354 2521 435 2554 locis
458 2519 632 2563 infinitas,
663 2520 756 2556 omni
790 2519 907 2563 copia-

246 2579 324 2602 rum
347 2577 477 2611 genere
503 2565 732 2599 abundantes.
768 2566 820 2598 De
852 2565 906 2598 lo-

247 2613 398 2654 cutione,
422 2616 518 2646 tutus
542 2613 626 2653 loca,
641 2611 724 2646 vide
748 2611 906 2645 Gronov.

246 2659 292 2694 ad
315 2658 393 2693 Liv.
418 2658 547 2692 XXIII.
569 2657 625 2691 26.

292 2707 327 2750 5.
349 2704 386 2739 3.
404 2709 529 2749 ¹neque
560 2703 646 2749 ipsis
678 2703 809 2738 honori.
844 2701 906 2742 Sic

626 1172 790 1217 Paulus
832 1173 905 1218 vix
954 1179 1108 1232 posset
1149 1172 1348 1233 implere
1384 1187 1632 1233 censorem,

973 1326 1098 1362 Editor
1119 1325 1234 1362 Basil.
1247 1327 1342 1363 Edit.
1359 1338 1413 1373 pr.
1432 1340 1542 1375 neque
1565 1328 1633 1374 ipsi

973 1373 1108 1410 honori.

1019 1442 1139 1485 neque
1155 1430 1289 1475 reipub.
1321 1431 1402 1465 usui
1428 1431 1516 1475 suit.
1550 1431 1633 1466 Fuit

975 1488 1056 1511 cum
1072 1476 1216 1511 Editore
1228 1476 1338 1532 Basiol.
1348 1477 1549 1532 scripsimus
1566 1489 1633 1523 pro

967 1526 1066 1568 foret
1082 1549 1092 1567 ‚
1116 1524 1209 1568 quod
1232 1527 1285 1558 est
1308 1535 1345 1558 m
1366 1525 1462 1559 Edit.
1487 1536 1541 1568 pr.

1020 1581 1072 1614 υἰο
1107 1580 1265 1619 censoris.
1303 1581 1382 1614 Hoc
1419 1593 1556 1625 quoque
1587 1587 1632 1616 ex

973 1626 1128 1661 Editoris
1150 1626 1261 1662 Basil.
1294 1629 1529 1670 correctione3
1562 1628 1633 1663 nisi

974 1685 1056 1707 cum
1080 1674 1203 1707 Burm.
1227 1673 1347 1707 malis·
1381 1676 1435 1709 vic
1465 1675 1630 1710 censoria.

974 1720 1067 1754 Edit.
1091 1731 1145 1764 pr.
1166 1720 1220 1754 vis
1243 1720 1384 1755 censori.

1021 1778 1155 1812 Paulus
1177 1777 1235 1811 vis:
1254 1782 1370 1822 posset
1390 1778 1534 1822 implere
1550 1789 1631 1812 cen-

974 1834 1096 1857 sorem.
1148 1824 1330 1867 Exquisite
1375 1824 1505 1858 dicitur
1554 1835 1630 1868 pro,

974 1869 1109 1904 Paulus
1132 1869 1193 1903 vix
1216 1874 1330 1914 posset
1352 1871 1425 1904 vim
1449 1873 1483 1904 et
1506 1874 1629 1904 aucto-

974 1915 1118 1950 ritatem
1141 1916 1292 1950 censoris
1316 1917 1418 1959 plene
1439 1920 1629 1960 praestare,

974 1962 1032 1995 vel
1055 1973 1214 1996 numeros
1237 1963 1389 1996 censoris
1410 1963 1566 2007 implere,
1590 1965 1631 1997 ut

973 2007 1215 2042 Albinovanus
1238 2009 1284 2043 ad
1308 2008 1384 2043 mv.
1407 2007 1487 2043 285.
1512 2008 1631 2052 loqui-

973 2057 1043 2089 tur.
1077 2053 1272 2098 [Claudiam
1305 2055 1349 2088 (le
1375 2056 1418 2088 B.
1445 2055 1524 2091 Get.
1548 2053 1628 2095 143,

979 2101 1074 2134 Unus
1120 2102 1158 2135 in
1199 2101 1262 2134 hoc
1302 2101 1445 2135 Stilicho
1486 2101 1632 2135 diversio

976 2147 1110 2181 artibus
1145 2148 1242 2182 hoste
1277 2147 1361 2182 Tres
1394 2147 1509 2192 potuit
1541 2158 1629 2180 com-

970 2195 1069 2239 plere
1111 2193 1227 2230 duces.
1270 2197 1310 2229 ut
1353 2197 1448 2228 recte
1478 2205 1499 2227 e
1529 2193 1631 2228 libris

973 2239 1112 2283 scriptis
1150 2240 1274 2284 legunt
1306 2238 1376 2273 viri
1406 2238 1544 2273 eruditi.
1576 2239 1630 2274 Ex

972 2286 1077 2330 Anu-J
1103 2285 1280 2326 Ammian.
1303 2285 1460 2320 Marcell.
1483 2285 1629 2321 XXVII.

972 2331 1006 2368 6.
1029 2343 1119 2376 quae
1141 2332 1272 2367 indoles
1293 2332 1536 2376 imperatorem
1561 2332 1630 2365 im·
1675 2338 1677 2341 ·
1715 2319 1717 2323 V

967 2379 1097 2423 plesset
1127 2389 1203 2412 cum
1241 2382 1396 2412 veterum
1437 2378 1629 2413 lectissimis

971 2425 1254 2505 ‘itii‘p‘fem‘d'i'ss‘
1302 2424 1391 2505 {221⁰
1392 2423 1488 2504 ”2231
1510 2424 1628 2505 Αξὲἓὲἐ

971 2482 1324 2561 strenuosp'impleatis
1347 2482 1547 2562 agricolas?
1564 2515 1628 2550 ubi

971 2564 1078 2607 plura
1101 2562 1250 2597 Savaro.
1273 2563 1403 2601 Eodem
1427 2563 1501 2597 fere
1522 2563 1628 2596 modo

970 2610 1114 2653 implere
1136 2609 1287 2654 aliquem
1318 2608 1458 2643 Solinus
1489 2619 1568 2653 cap.
1593 2608 1628 2645 l.

969 2666 1053 2700 pag.
1085 2655 1122 2689 6.
1164 2655 1251 2690 dixit
1284 2666 1370 2699 pro,
1409 2654 1480 2690 oris
1510 2655 1635 2701 figura·
1700 2662 1702 2664 ’

969 2701 1125 2746 aliquem
1165 2702 1267 2747 plene
1305 2701 1530 2747 perfecteque
1568 2711 1628 2736 re-
