1728 3054
229 240 341 277 mm
551 229 841 284 numum
891 202 1245 272 nonwnnm

231 352 321 397 tus,
350 346 416 387 cui
444 344 624 398 praefuit
651 343 860 397 Velleius,
888 343 1052 384 ubinam
1081 335 1231 396 quaeso
1261 344 1489 397 speciosum
1516 340 1620 386 illud

233 406 312 445 erit
345 402 645 444 ministerium‘2
697 402 858 441 ubinam
902 401 1034 440 honor
1072 401 1285 454 plusquam
1334 403 1535 454 equestris
1578 407 1622 444 et

231 462 351 515 plane
381 458 637 499 senatorius‘1
665 459 828 498 ubinam
858 458 1033 510 dignitas
1063 464 1277 510 quaestura
1305 458 1394 512 ipsa
1422 460 1622 512 superior,

234 522 276 558 et
305 516 525 557 tribunatui
559 514 691 567 plebis
727 529 822 568 par,
862 515 1006 555 saltem
1045 515 1288 566 designato‘1
1331 516 1394 556 An
1424 516 1532 568 quod
1561 517 1621 556 le-

233 573 363 626 gionis
393 577 574 625 partem,
610 572 662 611 ad
692 571 909 612 Caesarem
938 577 1094 620 tamen,
1135 572 1285 611 ducere
1314 573 1466 612 nemini
1494 573 1622 613 licue-

232 631 309 677 rit,
343 633 636 680 praeterquam
677 629 886 669 tribunitio
926 629 1144 670 Senatori‘}
1191 629 1406 669 Habebant
1445 642 1542 669 sane
1571 630 1622 670 il-

233 687 311 726 lius
340 686 538 725 rationem
565 690 748 735 veteres,
790 686 841 725 ad
879 699 998 738 quem
1039 684 1260 725 mittendus
1296 690 1406 727 esset
1444 687 1621 736 nuntius,

233 743 276 784 in
305 741 435 782 nuntii
473 741 694 806 dignitate,
737 743 844 795 quod
878 743 1014 782 multis
1052 743 1216 795 probari
1248 747 1410 795 posset,
1445 744 1481 783 si
1518 757 1621 796 opus

235 804 367 849 esset,
407 798 618 851 exemplis.
679 800 786 851 Quid
825 799 860 839 si
895 801 1017 839 etiam
1049 800 1252 851 legionem
1286 800 1510 851 integram,
1551 802 1622 840 ab-

234 861 354 896 sente
381 855 541 907 legato,
570 856 720 895 ducere
749 856 910 895 licuerit
936 858 1091 908 primae
1120 857 1301 896 cohortis
1330 858 1526 897 tribun0‘1
1565 858 1623 896 Et

234 920 371 953 tamen
410 913 564 966 primae
605 913 782 952 cohortis
822 913 1005 952 tribunus
1046 926 1165 953 nemo
1212 913 1304 954 ficri
1346 917 1509 966 posset,
1553 914 1623 966 qui

234 970 443 1010 tribunatu
480 969 614 1021 plebis
651 969 880 1016 senatorio,
931 969 984 1009 ad
1026 970 1235 1009 minimum
1272 970 1504 1022 designato,
1541 984 1623 1011 non

235 1030 331 1067 ante
372 1026 519 1065 fuisset
559 1026 813 1077 insignitus‘l
858 1026 926 1065 Sic
961 1027 1096 1066 omnia
1146 1028 1299 1079 optime
1342 1027 1622 1068 cohaererent.

234 1082 516 1123 Praecedebat
555 1083 664 1122 enim
697 1084 826 1136 prima
855 1083 1003 1123 cohors
1039 1083 1136 1123 alias
1177 1088 1219 1123 et
1254 1097 1423 1131 numero
1460 1082 1623 1139 (Vege-

235 1139 294 1180 fio
319 1136 363 1192 *)
397 1137 522 1194 teste)
552 1140 750 1187 militum,
780 1146 823 1179 et
853 1140 1062 1190 dignitate.
1120 1141 1174 1180 Et
1202 1141 1353 1180 milites
1383 1141 1525 1181 habuit
1553 1155 1623 1181 se-

235 1195 502 1244 lectissimos,
547 1201 590 1236 et
620 1209 831 1235 numerum
869 1210 1008 1236 eorum
1046 1197 1170 1249 duplo
1198 1198 1309 1246 fere,
1349 1211 1468 1250 quam
1507 1198 1623 1247 aliae,

235 1253 443 1294 maiorem.
500 1252 559 1293 Et
588 1253 756 1304 pignora
793 1253 934 1293 habuit
970 1255 1146 1293 omnium
1177 1255 1408 1303 carissima,
1448 1255 1620 1306 legionis

235 1310 441 1362 aquilam,
482 1314 525 1349 et
560 1309 759 1361 Principis
798 1309 1030 1362 imaginem.
1087 1310 1266 1361 Proinde
1305 1316 1622 1351 consentaneum

236 1378 331 1407 esse
366 1366 520 1419 potuit,
571 1369 618 1406 ut
653 1367 857 1406 tribunum
905 1367 1093 1407 habuerit
1138 1372 1220 1407 tam
1260 1373 1392 1408 aetate
1436 1368 1621 1420 reliquis,

236 1435 356 1475 quam
387 1424 509 1461 etiam
539 1422 737 1474 dignitate
767 1424 994 1464 celsiorem.
1054 1424 1196 1476 Itaque
1236 1438 1327 1464 cum
1358 1425 1447 1464 aliis
1478 1426 1623 1464 cohor-

235 1479 345 1519 tibus
375 1479 527 1519 tribuni
556 1479 814 1529 sufficerent,
843 1485 978 1521 aetate
1005 1482 1158 1534 pariter
1186 1485 1306 1533 atque
1335 1482 1478 1521 ordine
1506 1478 1633 1521 dumss

235 1539 349 1576 taxat
381 1540 612 1587 equestres3
641 1537 682 1575 in
711 1537 791 1576 hoc
819 1539 975 1590 primae
1003 1538 1182 1578 cohortis
1211 1539 1373 1578 tribuno
1400 1550 1622 1590 congruum

236 1605 330 1633 esse
358 1594 503 1645 potuit,
531 1597 596 1640 ut,
627 1598 790 1645 praeter
820 1595 1002 1634 ordinem
1033 1595 1335 1647 amplissimum,
1365 1600 1475 1635 aetas
1504 1608 1623 1648 prae-

234 1653 351 1690 terea
380 1653 492 1690 esset
521 1650 734 1689 senatoria.
795 1651 863 1691 Sic
891 1652 998 1691 enim
1029 1651 1197 1703 reliquis
1228 1652 1401 1692 tribunis
1429 1665 1520 1691 cum
1550 1666 1620 1691 au-

236 1706 426 1746 ctoritate
468 1719 660 1758 praeesse
697 1707 850 1758 potuit,
897 1713 979 1748 tam
1018 1709 1314 1760 angusticlaviis
1364 1722 1484 1761 quam
1531 1707 1622 1748 lati-

236 1761 398 1810 claviis,
438 1762 475 1801 si
515 1766 557 1801 et
593 1763 735 1802 ordine
774 1765 1095 1815 angusticlaviiS,
1145 1770 1215 1805 et
1232 1766 1439 1805 laticlaviis
1486 1770 1620 1805 aetate

235 1817 386 1859 fuisset
421 1818 616 1870 superior.
689 1818 756 1858 Sic
796 1821 918 1859 etiam
964 1821 1099 1860 locum
1145 1822 1323 1861 absentis
1361 1822 1485 1873 legati
1525 1835 1621 1888 sup-

235 1875 375 1929 plere,
413 1874 449 1914 si
494 1874 591 1926 quid
630 1875 804 1915 haberet
840 1877 882 1915 in
922 1890 969 1916 se
1008 1877 1222 1927 eximium,
1261 1891 1340 1930 quo
1391 1879 1621 1918 necessaria

235 1935 378 1984 posset
413 1930 457 1970 in
495 1930 672 1982 reliquos
710 1932 890 1971 tribunos
920 1934 1137 1973 auctoritas
1166 1935 1382 1975 conciliari.
1438 1935 1556 1986 Quod
1585 1935 1622 1974 si

236 1987 484 2028 senatorium
510 1987 625 2026 illum
656 1988 786 2027 fuisse
816 1994 1049 2041 oporteret3
1086 1991 1182 2030 inde
1220 1996 1432 2044 praeterea
1470 1991 1621 2031 intelli-

236 2056 449 2097 geremus,
477 2057 549 2083 cur
578 2044 802 2084 tribunatus
830 2046 899 2085 ille
928 2046 1080 2098 plebis,
1123 2048 1191 2099 qui
1226 2048 1304 2088 hoc
1343 2053 1527 2100 tempore
1555 2061 1620 2088 se-

235 2101 416 2141 natorius
446 2104 559 2148 erat,
599 2100 725 2140 fuerit
753 2102 795 2140 in
823 2103 984 2142 tribuno
1019 2104 1111 2152 illo,
1152 2105 1204 2143 de
1235 2118 1314 2156 quo
1343 2105 1520 2156 agimus,
1551 2117 1621 2145 co-

234 2157 365 2198 hortis
393 2157 567 2209 primae,
596 2159 860 2199 necessarius.
924 2160 1125 2212 Exigebat
1154 2161 1232 2201 hoc
1260 2162 1443 2215 inprimis
1473 2174 1620 2202 nomen

235 2226 447 2255 commune
485 2214 655 2253 tribuni:
696 2228 745 2254 ca
772 2217 1026 2268 potissimum
1065 2217 1116 2256 de
1145 2231 1288 2267 causa,
1326 2219 1433 2285 qnod
1466 2218 1619 2258 tribuni

234 2270 296 2310 illi
323 2270 454 2323 plebis
487 2269 639 2310 fuerint
668 2272 790 2311 etiam
829 2273 907 2326 ipsi
945 2287 969 2313 a
1005 2274 1136 2326 prima
1174 2288 1246 2315 sua
1282 2276 1437 2326 origine
1471 2275 1619 2314 milita-

234 2340 314 2368 res.
372 2327 572 2379 Erigebat
602 2332 836 2383 praeterea,
866 2330 972 2381 quod
1002 2331 1185 2370 militaris
1215 2345 1294 2372 non
1323 2336 1434 2371 esset
1462 2332 1616 2383 primus

232 2384 276 2424 in
305 2388 448 2424 senatu
478 2384 626 2435 gradus
656 2389 919 2436 quaesturae,
959 2400 1035 2427 nec
1075 2388 1260 2428 aedilitas
1301 2389 1473 2439 curulis,
1513 2401 1617 2440 quae

232 2453 373 2493 parem
401 2440 444 2481 in
474 2445 617 2481 senatu
655 2441 788 2482 locum
828 2444 906 2482 sibi
945 2445 1174 2484 vindicabat
1203 2458 1298 2485 cum
1318 2445 1518 2484 senatorio
1547 2444 1619 2485 illo

231 2497 439 2537 tribunatu
462 2497 615 2550 plebis,
644 2511 718 2551 pro
748 2499 890 2540 ordine
917 2501 1059 2541 saltem
1088 2502 1190 2553 legis
1221 2501 1419 2542 annariae.
1478 2501 1535 2541 Ut
1557 2506 1619 2541 ta-

231 2566 328 2594 men
363 2567 443 2594 ιιοιι
481 2554 608 2594 fuerit
647 2559 863 2608 quaestura
902 2557 1083 2598 officium
1119 2572 1170 2599 ex
1205 2558 1392 2612 professo
1429 2558 1618 2607 militare,

232 2613 276 2651 et
318 2610 418 2650 alios
457 2623 582 2665 saepe
617 2625 641 2654 a
682 2613 964 2666 quaestoribus
992 2615 1151 2669 legatos
1179 2616 1399 2668 haberent,
1428 2615 1498 2670 qui
1523 2614 1616 2670 plu-

321 2780 359 2825 ⁸²)
379 2779 500 2826 Veget.
529 2779 591 2816 lib.
626 2779 672 2816 11.
712 2791 790 2829 cap.
815 2783 853 2820 6.
