1728 3054
167 2262 171 2269 ,
223 2235 292 2280 ipsi
338 2236 589 2270 lacesserentur
604 2261 616 2276 ‚

222 209 308 250 244

535 205 582 246 C.
612 203 896 246 VELLEII
932 205 1313 249 PATERCULI

225 335 315 378 que
347 319 474 363 bello
509 333 590 364 nos
623 318 883 378 lacesseret,
922 326 990 376 et,
1024 319 1060 364 si
1095 321 1404 378 lacesseretur,
1450 338 1611 384 super-

228 402 322 432 esse
356 388 439 432 sibi
473 389 564 433 vim
606 403 661 433 ac
695 389 970 434 voluntatem
1014 391 1247 435 resistendi
1284 390 1608 455 [ostenderet.]

187 456 417 516 2Legati,
474 472 595 516 quos
631 457 836 503 mittebat
887 459 946 502 ad
993 457 1229 516 Caesares,
1283 460 1506 505 interdum
1561 470 1612 506 ut

227 525 483 585 supplicem
519 527 910 585 commendabant,
944 527 1168 572 interdum
1203 533 1254 573 ut
1286 544 1372 589 pro
1407 531 1506 590 pari
1536 530 1611 574 lo-

225 595 489 653 quebantur.

561 595 780 640 Gentibus
823 595 1169 656 hominibusque
1216 613 1244 642 a
1288 599 1416 642 nobis
1463 599 1611 644 desci-

226 665 450 709 scentibus
494 670 588 709 erat
628 664 754 724 apud
799 681 904 710 eum
944 667 1229 727 perfugium3
1280 673 1516 725 totumque
1556 682 1611 712 ex

226 733 348 777 male
404 733 677 778 dissimulato
735 735 902 794 agebat
957 736 1210 788 aemulum3
1263 737 1609 794 exercitumque,

226 817 364 860 quem
399 803 539 847 LXX.
576 803 747 847 milium
782 803 1015 863 peditum,
1062 811 1254 863 quatuor
1295 806 1494 864 equitum
1536 805 1610 849 fe-

226 877 374 926 cerat,
419 872 617 916 adsiduis
653 872 863 917 adversus
908 873 1120 918 finitimos
1163 873 1293 918 bellis
1338 874 1608 928 exercendo,

226 939 407 996 maiori,
465 956 603 1000 quam
655 941 781 1000 quod
825 941 1052 999 habebat,
1113 943 1242 1003 operi
1292 945 1606 1004 praeparabat.

274 1073 500 1108 lacesseretur
526 1076 592 1108 otc.
621 1070 713 1108 Puto
735 1074 807 1121 leg.
828 1071 885 1109 la·-

226 1126 393 1155 cesserct:
417 1126 457 1155 at
479 1122 510 1155 si
532 1122 774 1164 lacesseretur,
807 1133 884 1166 sup.

226 1167 427 1201 declararet
460 1168 519 1201 vel
553 1167 668 1201 simile
702 1168 884 1211 quippiam

225 1214 287 1247 hic
310 1214 428 1247 deesse
455 1214 604 1248 videtur.
649 1213 739 1248 Nam
763 1214 825 1248 hic
847 1215 885 1248 in

225 1260 418 1304 exemplari
438 1256 641 1295 lacunulam
664 1261 814 1295 omissae
831 1260 886 1295 di-

225 1305 349 1340 ctionis
370 1303 592 1340 offendimus.
615 1307 786 1341 Rumwm.
813 1307 885 1341 Mi-

226 1353 267 1386 hi
290 1353 340 1386 sic
362 1353 434 1398 leg.
457 1353 617 1394 videtur,
650 1364 715 1386 nee
750 1353 885 1394 dubito,

225 1398 310 1443 quin
333 1405 447 1433 recte:
471 1404 510 1433 ut
532 1410 641 1443 neque
667 1400 752 1433 bello
777 1400 806 1433 si
829 1401 884 1433 la-

225 1450 434 1488 cesseretur,
457 1457 632 1490 superesse
656 1447 722 1480 sibi
745 1446 815 1480 vim
840 1455 883 1479 ac

224 1493 441 1527 uoluntatem
483 1493 667 1526 resistendi
701 1495 766 1526 etc.
812 1493 886 1526 Bu-

224 1548 313 1572 111111.
338 1538 430 1574 Edit.
456 1550 508 1583 pr.
542 1539 658 1572 locum
681 1540 886 1574 lacunosum

225 1584 278 1619 sie
301 1585 466 1619 exhibet:
498 1589 538 1620 ut
573 1597 683 1630 neque
714 1586 799 1619 bello
822 1596 886 1619 nos

225 1631 454 1666 lacesseretur
490 1641 665 1676 superesse
705 1633 771 1665 sibi
813 1633 885 1666 vim

226 1689 270 1712 ac
292 1678 507 1713 voluntatem
528 1678 721 1722 resistendi.
754 1678 888 1724 Legati

226 1722 294 1760 ete.
317 1719 480 1767 Rectius,
503 1735 609 1768 quam
626 1723 808 1767 Bul-erius,
831 1725 886 1759 la*

225 1781 334 1824 qunas
376 1770 531 1815 explevit
572 1772 785 1812 Rhenanus,
819 1770 888 1805 uisi

226 1817 321 1861 quod
339 1818 448 1851 verbo
464 1818 663 1852 declararet
687 1819 885 1862 praeferam

224 1862 423 1909 repositum
446 1874 468 1899 a
491 1864 696 1899 Burmanno
726 1865 884 1899 ostende-

224 1915 292 1946 ret.
326 1910 493 1944 Rhenaui
515 1912 755 1955 supplementa
776 1911 885 1945 etiam

225 1960 434 2000 receperunt
466 1957 656 1992 Vascosan.
690 1961 728 1991 et
761 1957 886 1991 Editor

224 2002 338 2037 Basil.
359 2014 510 2047 quorum
532 2003 593 2037 hic
616 2014 679 2046 pro
704 2007 744 2036 at
766 2004 797 2036 si
824 2003 885 2036 de-

224 2049 277 2084 dit
300 2054 335 2083 et
355 2050 410 2093 si,
434 2045 497 2083 ille
520 2060 561 2083 ac
592 2051 634 2084 si.
676 2048 747 2083 Edi
777 2049 885 2083 iussi-

223 2107 305 2130 mus
328 2100 381 2137 et,
404 2096 446 2130 si.
470 2095 600 2130 Caesar
622 2096 666 2129 de
689 2096 732 2129 B.
760 2095 884 2132 G.·1v.

223 2143 284 2177 11.
315 2140 443 2184 mitat,
481 2143 542 2187 qui
573 2142 798 2183 nunciarent,
839 2154 884 2176 ne

224 2189 339 2223 hostes
358 2189 495 2233 praelio
520 2189 750 2223 lacesserent.-
773 2193 829 2230 et,
853 2189 884 2223 si

663 2236 882 2277 sustinerent,

223 2282 342 2327 quoad
370 2282 446 2326 ipse
469 2282 722 2316 oum-exercitu
739 2282 884 2326 propius

224 2328 435 2363 accessisset.

270 2388 305 2429 5.
322 2385 358 2420 2.
388 2389 566 2431 totumque
597 2397 639 2420 ea·
667 2386 761 2420 male
785 2385 884 2420 dissi-

223 2433 356 2467 mulato
379 2433 513 2477 age‘bat
545 2432 731 2467 aemulum.
762 2432 884 2467 Placet

223 2478 365 2513 Heinsii
400 2478 592 2513 correctio:
642 2484 800 2524 totusque
839 2488 882 2513 ex

223 2526 318 2559 male
341 2524 421 2559 diss.
445 2529 511 2559 etc.
546 2525 676 2559 Caesar
699 2525 743 2559 de
764 2525 807 2559 B.
833 2525 877 2560 G.

222 2571 281 2605 vl.
307 2569 341 2605 5.
384 2571 478 2606 totus
510 2575 545 2605 et
568 2576 682 2605 mente
706 2576 742 2607 et
764 2572 881 2606 animo

222 2617 261 2651 ἰπ
285 2617 410 2651 bellum
438 2618 658 2652 Trevirorum
682 2623 717 2653 et
739 2618 880 2653 Ambio-

220 2664 311 2709 rigis
333 2663 472 2698 insistit.
495 2663 574 2699 Iaiv.
599 2664 709 2698 XXV.
730 2661 787 2700 16.
816 2664 880 2699 tou·

222 2721 247 2743 a
267 2710 435 2754 patiendo
459 2711 752 2755 exspectandoque
776 2722 879 2745 even-

221 2761 263 2793 tu
285 2756 323 2790 in
344 2756 510 2802 impetum
534 2762 639 2804 atquc
661 2758 754 2792 iram
771 2758 878 2793 uersi.

951 1075 1016 1110 ubi
1049 1074 1130 1109 vide
1170 1075 1327 1110 Gronov.
1364 1075 1485 1110 lustin.
1527 1075 1608 1112 Xll.

952 1122 1010 1157 13.
1051 1127 1209 1166 totusque
1244 1123 1285 1167 in,
1312 1123 1486 1157 laetitiam
1519 1125 1610 1168 effu-

950 1178 1020 1203 sus.
1029 1169 1255 1202 Dissimulate
1274 1169 1397 1203 Burm.
1410 1195 1420 1212 ,
1439 1173 1608 1213 tanquam

950 1214 1152 1258 deponentis
1167 1214 1407 1259 participium,
1417 1216 1511 1259 capit
1530 1227 1608 1259 pro,

951 1260 1013 1304 qui
1037 1260 1328 1296 dissimulaverat.
1355 1260 1485 1299 Contra
1500 1262 1607 1306 Wop-

950 1307 1045 1340 kens.
1080 1307 1181 1340 Misc.
1215 1307 1299 1342 obs.
1342 1308 1430 1342 vul.
1463 1308 1522 1342 71.
1565 1320 1607 1342 er

952 1354 1045 1386 male
1080 1353 1296 1392 dissimulato
1335 1354 1437 1397 quasi
1480 1355 1608 1388 adver-

951 1398 1094 1433 bialiter
1115 1399 1245 1433 dictum
1261 1400 1426 1445 intelligit
1446 1412 1522 1444 pro,
1539 1412 1609 1434 non

952 1445 1037 1479 satis
1059 1445 1328 1481 dissimulanter.
1355 1446 1426 1490 Qui
1449 1459 1548 1480 suam
1571 1446 1609 1481 111

951 1503 1028 1526 rem
1053 1491 1106 1526 uti
1132 1493 1299 1536 potuisset
1331 1492 1463 1527 Seneca
1484 1494 1606 1527 Praef.

952 1538 1011 1572 lv,
1037 1538 1079 1572 Ν.
1103 1538 1147 1581 Q.
1171 1550 1253 1584 pag.
1276 1538 1358 1574 741.
1385 1540 1531 1573 Plancus
1550 1551 1608 1573 ur-

953 1586 1041 1628 tifex
1080 1590 1164 1619 ante
1211 1586 1387 1620 Vitellium
1424 1588 1609 1628 maximus,

954 1632 1073 1665 aiebat
1101 1643 1170 1664 non
1193 1643 1264 1666 esse
1287 1634 1434 1673 occulte,
1466 1644 1528 1666 nec
1563 1643 1606 1665 ea·

954 1678 1170 1712 dissimulato
1213 1679 1471 1713 blandiendum.
1513 1677 1608 1712 Mihi

953 1727 1072 1758 tamen
1112 1727 1237 1759 neutra
1283 1725 1376 1760 ratio
1424 1724 1607 1769 probatur.
1654 1747 1656 1752 ι

953 1770 1107 1804 Velleius
1139 1770 1232 1804 enim
1263 1771 1359 1805 haud
1391 1771 1497 1806 dubie
1519 1771 1608 1811 scri-

953 1817 1043 1861 psit:
1078 1822 1236 1861 totusque
1262 1829 1302 1852 ea·
1324 1819 1416 1851 male
1447 1818 1607 1851 dissimu-

952 1864 1048 1897 lante
1072 1864 1203 1908 agebat
1227 1865 1411 1898 aemulum.
1443 1864 1466 1898 i.
1491 1875 1521 1898 e.
1545 1862 1608 1907 qui

951 1914 1032 1943 ante
1066 1921 1135 1944 non
1168 1910 1254 1944 satis
1281 1911 1420 1945 occulte
1442 1910 1608 1944 ‹tissimu-

950 1956 1108 1997 laverat,
1131 1967 1221 1989 nunc
1243 1959 1347 1997 totus,
1367 1968 1431 1990 nec
1454 1957 1606 2000 amplius

951 2003 1106 2043 occulte,
1131 2003 1261 2046 agebat
1284 2003 1472 2036 aemulum.
1510 2004 1605 2036 Male

952 2052 1095 2090 est,non
1118 2049 1223 2090 satis,
1246 2055 1286 2084 ut
1308 2049 1402 2093 apud
1424 2049 1604 2093 Ovidium,

951 2104 974 2128 a
996 2095 1120 2128 Burm.
1143 2095 1345 2138 laudatum,
1371 2096 1433 2139 Ep.
1453 2096 1544 2129 XVI.
1567 2095 1603 2131 7.

951 2141 1022 2175 Sed
1044 2142 1136 2175 male
1161 2142 1349 2176 dissimule-
1373 2142 1513 2176 Sueton.
1537 2141 1602 2175 'ri-

950 2187 1027 2223 ber.
1051 2186 1108 2223 42.
1132 2194 1256 2222 cuncta
1278 2189 1380 2222 simul
1402 2189 1503 2230 vitia,
1526 2199 1604 2222 ma-

951 2234 983 2268 le
1008 2234 1069 2268 diu
1089 2235 1332 2276 dissimulata,
1361 2235 1502 2269 tandem
1521 2246 1604 2279 pro-

943 2281 1055 2324 fudit.
1079 2281 1208 2315 Contra
1230 2281 1374 2315 Terent.
1397 2281 1503 2315 Andr.
1527 2281 1555 2315 Ι.
1569 2280 1601 2315 l.

950 2326 1031 2361 1⁰5.
1054 2327 1150 2362 Beue
1173 2328 1427 2362 dissimulatum
1449 2338 1604 2361 amorem

950 2378 987 2408 et
1008 2374 1157 2408 celatum
1182 2374 1327 2410 indicat.

995 2442 1096 2476 quem
1123 2432 1214 2466 LX.
1263 2432 1396 2466 milium
1430 2431 1602 2477 peditum.

947 2478 1002 2511 Ex
1035 2477 1195 2533 vestigiis
1232 2483 1301 2513 vet.
1333 2478 1419 2513 Cod.
1443 2482 1603 2533 apparet,

949 2524 1059 2558 LXX.
1069 2524 1189 2570 fuisse,
1213 2536 1313 2561 eraso
1336 2526 1380 2559 X.
1399 2530 1603 2570 posteriore.

946 2570 1136 2658 Busszgm
1173 2629 1279 2663 quam
1316 2618 1407 2664 quod
1438 2618 1601 2658 habebat,

947 2665 1044 2708 operi
1063 2665 1312 2709 praeparabat.
1326 2665 1443 2700 Probo
1457 2663 1601 2698 Graevii

946 2708 1038 2755 Syll.
1062 2710 1176 2766 Epist.
1199 2711 1246 2745 T.
1271 2711 1439 2766 1V.·pag.
1462 2709 1542 2745 415.
1566 2713 1601 2744 et

945 2757 1141 2792 Burmanni
1170 2758 1448 2794 emendationem
1460 2781 1472 2802 ‚
1496 2767 1601 2803 quam
