1728 3054
239 249 309 287 Lu
581 237 868 284 HENRICI
913 235 1266 279 DODWELLI

239 358 337 399 ficat
372 356 501 396 fuisse
537 353 735 395 Velleius.
802 350 872 391 Ait
910 362 956 390 se
991 347 1038 406 *)
1076 348 1283 389 tribunum
1319 345 1492 388 militum
1528 358 1625 388 con-

240 415 397 468 gressui
426 412 513 451 Caii
551 422 644 450 cum
679 419 787 459 rege·
817 407 1060 447 Parthorum
1100 405 1348 445 interfuisse.
1405 405 1474 444 Ait
1507 417 1626 457 prae-

240 476 378 518 terea,
409 469 541 521 ipsum
570 467 685 505 illum
714 464 881 503 militiae
907 464 1076 515 gradum
1104 475 1149 502 se
1178 466 1272 501 ante
1300 460 1374 500 sub
1404 465 1521 513 patre
1550 459 1626 501 Vi-

241 528 338 568 nicii
368 529 409 564 et
440 524 484 563 P.
514 523 613 562 Silio
643 522 771 561 fuisse
799 521 1060 573 auspicatum.
1100 519 1214 559 Haec
1242 518 1415 569 denique
1445 511 1628 566 agnoscit

241 585 370 624 fuisse
400 580 693 632 stipendiorum
733 590 896 617 suorum
936 578 1062 618 initia.
1122 576 1222 627 Quis
1258 579 1340 621 est,
1379 573 1474 625 quin
1504 573 1626 612 facile

243 641 340 680 iude
370 638 557 686 colligat,
595 640 640 675 ut
668 634 854 675 tirocinio
893 646 967 672 suo
997 633 1202 686 proximus
1233 631 1358 671 fuerit
1386 630 1627 677 tribunatus,

241 709 390 746 novum
418 698 554 733 tamen
582 692 712 731 fuisse
741 690 906 730 militiae
934 690 1042 730 illius
1072 690 1262 741 gradum,
1301 700 1420 740 quem
1456 686 1628 739 proinde

243 753 340 793 olim
381 765 404 790 a
431 749 608 795 tirocinii
645 750 775 805 primo
803 748 916 786 initio
947 760 1027 786 non
1055 747 1190 785 fuerat
1227 744 1469 785 assecutus‘}
1513 743 1628 794 Quis,

243 810 429 860 inquam,
459 810 546 859 est,
575 806 669 859 quin
699 809 741 845 et
769 802 869 843 illud
898 803 1053 852 videat,
1089 816 1232 842 novum
1261 801 1373 840 illum
1402 800 1627 840 tribunatus

245 866 415 918 gradum
461 865 535 903 sub
574 862 723 903 Vinicii
769 866 886 914 patre
938 873 963 900 a
999 859 1158 899 Velleio
1199 859 1327 898 fuisse
1363 856 1627 908 susceptqu

244 921 395 963 Nescio
424 925 583 968 tamen,
612 933 662 959 an
691 919 786 958 iude
814 918 935 958 liceat
970 916 1184 967 colligere,
1223 915 1400 954 nondum
1429 913 1556 952 fuisse
1585 912 1629 952 in

247 979 399 1020 Senatu
426 983 583 1030 patrem
613 975 785 1025 velleii,
828 988 918 1014 cum
950 978 1018 1012 aut
1052 975 1287 1012 nasceretur
1315 970 1403 1023 ipse
1431 969 1629 1017 Velleius,

243 1040 317 1090 ‘aut
355 1040 451 1086 toga
488 1034 591 1072 virili
630 1036 819 1084 suscepta
858 1030 1041 1070 militiam
1080 1028 1367 1081 auspicaretur.
1423 1026 1535 1065 Fieri
1563 1025 1629 1064 vix

246 1091 402 1146 potuit,
439 1094 485 1130 ut
513 1094 646 1130 aetate
675 1088 875 1128 senatoria
915 1100 995 1126 non
1024 1086 1149 1125 suerit
1178 1089 1295 1138 pater
1324 1083 1496 1132 velleii,
1536 1095 1629 1122 cum

246 1155 383 1201 togam
410 1147 634 1199 susciperet
661 1146 768 1184 filius
805 1145 961 1183 virilem
996 1148 1117 1194 atque
1149 1141 1391 1181 tirocinium.
1449 1139 1536 1179 Nec
1559 1152 1629 1178 ve-

247 1219 296 1247 ro
323 1210 495 1247 mortem
526 1203 756 1249 obstitisse,
788 1214 866 1253 quo
896 1201 1028 1239 minus
1056 1200 1098 1238 in
1128 1198 1320 1238 Senatum
1347 1196 1527 1244 veniret,
1558 1208 1630 1235 ex-
1681 1222 1685 1224 -

249 1262 346 1303 inde
371 1265 541 1307 constat,
560 1260 667 1311 quod
695 1259 802 1298 filius
832 1257 870 1297 ei
898 1258 940 1296 in
968 1256 1224 1309 praefectura
1252 1253 1506 1294 successerit.
1529 1251 1630 1291 Suc-

247 1319 375 1360 cessit
403 1318 511 1357 enim
537 1317 608 1355 ille
638 1316 743 1368 patri
771 1313 835 1368 **)
875 1327 978 1353 auno
1019 1312 1130 1352 urbis
1169 1314 1265 1355 757.
1305 1314 1499 1358 exeunte,
1536 1321 1629 1349 cum

246 1376 480 1418 mitteretur
507 1374 550 1413 in
580 1372 837 1412 Germaniam
868 1370 1081 1417 Tiberius,
1113 1382 1204 1408 cum
1231 1380 1377 1407 annum
1406 1369 1548 1417 ageret
1577 1365 1631 1405 ad

246 1433 454 1473 minimum
485 1430 629 1470 aetatis
658 1428 788 1468 XXll.
815 1427 952 1467 multis
982 1439 1079 1465 sane
1107 1429 1201 1478 post
1226 1428 1362 1476 togam
1390 1423 1547 1462 virilem
1576 1423 1629 1461 ti-

246 1488 524 1539 rociniumque
552 1487 639 1526 eius
669 1485 794 1524 annis.
853 1483 1042 1524 Nondum
1068 1486 1203 1522 tamen
1233 1484 1411 1530 constat,
1439 1482 1630 1525 numtu-

247 1547 343 1587 lerit
380 1545 490 1584 illam
531 1544 734 1594 Augustus
773 1541 907 1592 legem
948 1545 1042 1580 ante
1081 1537 1231 1578 Velleii
1270 1536 1510 1577 tirocinium.
1564 1534 1629 1575 Ne

249 1603 414 1657 quidem
436 1599 550 1647 [illud
587 1603 767 1647 constat,
812 1597 992 1638 fueritne
1031 1600 1149 1651 pater
1182 1595 1358 1637 auctoris
1399 1592 1548 1643 nostri,
1585 1592 1628 1631 in

250 1664 375 1714 gente
396 1657 579 1709 Velleia‚
606 1655 844 1697 senatorius.

304 1804 344 1861 ἓ.
373 1807 441 1848 10.
478 1802 548 1843 Ab
582 1802 659 1842 illa
699 1800 883 1841 cohortis
911 1800 1185 1853 praefectura
1219 1796 1278 1837 ad
1311 1797 1571 1837 tribunatum

378 1875 381 1879 ’
537 1871 648 1900 anno
673 1861 771 1900 752.
801 1862 1022 1910 promotus
1052 1861 1114 1896 est
1144 1854 1341 1895 Velleius,

359 1961 454 2002 Erit
481 1971 580 2012 ergo
607 1972 755 2012 operae
783 1958 982 2011 pretium,
1012 1957 1238 2010 explorare,
1267 1967 1370 2007 quae
1399 1956 1510 1994 aetas
1538 1953 1630 1994 fue-

247 2019 304 2060 rit:
331 2031 356 2059 a
383 2018 527 2058 militia
573 2030 653 2055 una
692 2015 743 2055 ad
782 2015 898 2053 aliam
939 2014 1170 2054 transeundi
1207 2027 1231 2053 a
1268 2013 1361 2063 lege
1397 2011 1629 2051 constituta.

250 2076 353 2117 Inde
382 2075 489 2114 euim
527 2073 688 2125 regulas
718 2072 924 2111 eliciemus
960 2071 1001 2110 iu
1038 2072 1198 2110 illorum
1235 2073 1462 2120 temporum
1506 2067 1631 2106 chro-

249 2132 410 2183 nologia
439 2131 547 2170 omui
575 2129 818 2169 utilissimas.
861 2128 1012 2178 Legem
1042 2132 1155 2167 certe
1185 2127 1313 2166 fuisse
1342 2125 1416 2164 sub
1445 2124 1630 2174 Augusto

249 2189 429 2228 indicant
456 2187 578 2226 verba
605 2186 673 2225 illa
704 2185 907 2225 Suetonii:
926 2182 1016 2237 ***)
1058 2182 1274 2236 Quidquid
1309 2186 1448 2221 autem
1477 2181 1630 2233 ubique

248 2245 432 2287 militum
470 2247 602 2291 esset,
642 2240 698 2281 ad
738 2246 896 2281 certam
925 2240 1231 2293 stipendiorum
1265 2238 1628 2292 praemiorumque

241 2301 469 2355 formulam
512 2298 759 2346 adstrinxit,
804 2297 1010 2352 definitis.
1054 2310 1135 2350 pro
1172 2295 1315 2349 gradu
1349 2295 1548 2346 cuiusque
1584 2297 1627 2332 et

249 2357 505 2412 temporibus
530 2356 716 2403 militiae,
746 2359 789 2394 et
818 2352 1040 2394 commodis
1074 2355 1344 2393 missionum.-
1372 2363 1424 2390 ne
1454 2355 1529 2389 aut
1557 2362 1627 2388 ae-

249 2420 359 2464 tate,
390 2419 465 2454 aut
493 2414 655 2466 inopia,
680 2416 778 2465 post
803 2411 1038 2450 missionem
1064 2409 1290 2450 sollicitari
1314 2406 1373 2447 ad
1399 2419 1471 2445 res
1500 2418 1629 2445 novas

242 2476 431 2526 possent.
487 2470 577 2521 Ego
606 2470 755 2508 veteris
794 2480 1000 2518 novaeque
1037 2466 1261 2519 pubertatis
1301 2462 1509 2503 intervallo
1545 2462 1629 2514 pri-

247 2541 356 2569 mam
383 2527 495 2567 illam
524 2526 704 2579 equitum
733 2525 1026 2565 senatoriorum
1053 2524 1238 2565 militiam
1265 2520 1494 2564 conclusam
1521 2519 1628 2559 arbi-

248 2631 524 2650 —

338 2694 867 2788 ‡2‚‘⁷52h.¹·1¹:1;.¹{·1.⁰351;.1334.

338 2790 418 2835 ***)
439 2790 582 2825 Sueton.
613 2790 707 2835 Aug.
747 2799 823 2833 cal).
845 2785 904 2822 49.
