1728 3054
550 179 1087 224 PRAEFATIO
1407 185 1505 224 xvn

124 290 341 357 quicquid
373 297 524 341 bonae
556 295 700 356 frugis
742 294 889 341 Aldus
929 291 1087 357 Nepos
1131 295 1304 354 attulit,
1348 294 1506 342 suble-

126 374 249 413 ctum
284 381 393 422 esse,
426 365 533 410 Aldi
565 365 744 425 ignavia
777 365 995 411 credibile
1027 364 1148 411 facit.
1215 364 1310 410 Sed
1342 370 1392 408 ut
1421 365 1504 409 iste

126 437 186 480 ab
230 435 346 479 avita
384 440 662 494 paternaque
712 433 873 478 virtute
918 433 1124 490 doecivit,
1165 433 1230 479 ita
1272 433 1503 478 Gerardus

125 504 307 549 Vossius
351 518 400 548 se
443 501 751 561 dignissimum
793 506 917 545 tanto
958 509 1091 562 patre
1130 503 1274 548 filium
1307 502 1353 546 in
1386 502 1503 547 vel-

123 573 215 617 leio
255 567 435 616 edendo
475 569 704 629 praestitit.
780 569 995 615 Omnium
1039 577 1193 616 tamen
1233 570 1441 617 velleii
1428 586 1501 615 ιιι-

123 644 368 700 terpretum
409 639 549 718 longe
590 638 822 698 longeque
864 639 1118 700 principem
1161 655 1286 700 pono
1329 640 1501 685 Iustum

122 709 351 770 lipsium,
392 707 516 754 cuius
557 707 716 751 miram
750 707 1038 767 sagacitatem
1072 709 1118 752 in
1151 708 1266 754 vitiis
1301 709 1500 753 odoran-

123 778 207 833 dis,
226 782 273 822 et
302 791 462 836 parem
493 775 722 820 solertiam
753 776 799 820 in
832 776 991 820 iisdem
1024 777 1249 834 tollendis,
1283 791 1375 822 non
1400 775 1498 822 du-

121 846 264 891 bitem
303 844 487 891 Criticae
528 843 757 903 studiosis,
800 849 1012 904 tauquam
1045 845 1329 905 praeclarum
1363 845 1507 890 huius—

123 914 228 959 artis
259 913 538 974 exemplum,
574 912 903 959 commendare.
942 915 1040 959 Nec
1070 915 1241 959 Heinsii
1272 915 1319 958 in
1352 915 1496 974 praef.

121 972 338 1028 iudicium
384 982 607 1041 discrepat
649 998 677 1026 a
717 997 840 1027 meo.
882 982 1073 1043 Lipsius
1113 988 1182 1028 tot
1224 984 1500 1029 coniectans

117 1051 453 1114 pulcherrimis
480 1050 788 1096 Paterculum
821 1052 1119 1108 emaculavit,
1153 1057 1219 1108 ut,
1254 1067 1360 1097 cum
1394 1052 1499 1097 ubi-

123 1135 215 1182 que
245 1121 307 1166 sit
337 1121 387 1164 in
418 1120 608 1181 scriptis
635 1118 770 1181 felix
812 1134 873 1166 ac
912 1083 1243 1181 praestabiles,
1301 1121 1378 1167 hic
1420 1126 1495 1166 ta-

123 1204 231 1234 men
273 1194 420 1235 semet
460 1189 614 1234 videri
657 1189 809 1250 possit
855 1195 968 1250 post
1008 1205 1060 1235 se
1100 1190 1356 1250 reliquisse.
1436 1192 1499 1236 At

120 1259 404 1304 Burmannus
451 1257 573 1309 hunc
622 1259 922 1319 principatum
974 1259 1160 1304 Heinsio
1204 1259 1375 1304 detulit.
1443 1259 1498 1303 ln

123 1341 215 1386 quo
247 1327 414 1374 iudicio
448 1328 577 1386 plus,
620 1342 758 1386 quam
792 1327 1003 1385 deberet,
1046 1328 1275 1372 Heinsiani
1307 1328 1497 1372 nominis

122 1395 274 1452 favor,
309 1402 355 1441 et
385 1395 584 1455 Lipsiani
616 1396 795 1453 odium,
837 1397 990 1441 valuit.
1055 1398 1150 1442 Nos
1184 1397 1317 1456 aequi
1348 1397 1497 1453 simus,

125 1471 170 1509 et
209 1479 334 1509 suam
380 1466 541 1523 cuique
581 1465 764 1510 laudem
803 1466 1064 1510 tribuamus-
1131 1465 1238 1510 Fuit
1290 1466 1500 1511 Heinsius

125 1533 348 1592 omnium,
387 1534 464 1591 qui
505 1533 707 1589 fuerunt,
748 1540 792 1578 et
836 1541 964 1580 erunt
996 1534 1212 1594 posthac,
1257 1535 1303 1579 in
1351 1535 1498 1595 poetis

123 1601 289 1645 Latinis
329 1595 567 1646 trattandis
608 1602 896 1648 felicissimus.
966 1603 1062 1648 Sed
1105 1604 1221 1649 haec
1262 1610 1498 1673 tantopere

124 1669 350 1715 celebrata
382 1669 570 1715 felicitas
602 1671 731 1715 illum
765 1671 963 1717 destituit
1005 1672 1050 1716 in
1090 1687 1255 1732 prosae
1288 1660 1498 1717 orationis

123 1737 436 1797 scriptoribus,
471 1739 676 1797 Velleio,
708 1739 935 1796 Petronio,
965 1740 1138 1797 Curtio,
1172 1741 1350 1798 Tacito,
1385 1742 1495 1786 aliis.

124 1807 218 1862 Ac,
261 1806 298 1850 si
340 1806 607 1864 dicendum,
657 1808 783 1867 quod
826 1824 898 1853 res
950 1815 1039 1866 est,
1092 1810 1333 1856 discrimen
1382 1811 1497 1855 inter

124 1889 372 1919 sermonem
405 1876 658 1935 prosaicum
703 1883 748 1921 et
787 1878 1015 1937 poe‘ticum
1057 1893 1149 1923 non
1189 1879 1291 1924 satis
1322 1879 1497 1924 videtur

122 1943 325 1992 tenuisse.
406 1944 497 1999 Qui
540 1945 656 1989 enim
705 1945 751 1990 in
794 1953 1000 1993 accurata
1054 1949 1150 1992 eius
1199 1948 1264 1993 rei
1315 1948 1497 1994 scientia

122 2011 220 2056 fieri
250 2012 486 2072 potuisset,
530 2020 581 2058 ut
619 2020 688 2058 tot
730 2014 897 2059 formas
943 2017 1143 2076 poe'ticas
1187 2015 1392 2073 Velleio,
1448 2023 1494 2061 et

123 2080 243 2140 aliis,
274 2095 388 2139 quos
420 2082 666 2138 nominavi,
713 2084 999 2143 scriptoribus
1033 2084 1324 2130 obtruderet?
1365 2086 1491 2130 Lon-

122 2148 224 2208 gius
270 2164 298 2193 a
340 2149 483 2208 Lipsii
526 2150 662 2195 laude
706 2153 832 2196 abest
875 2154 1051 2198 ultimus
1095 2154 1293 2198 omnium
1334 2154 1496 2200 velleii

114 2216 307 2285 Editor,
350 2216 508 2262 Petrus
547 2219 849 2278 Burmannus,
898 2223 1160 2281 praesertim
1201 2223 1247 2266 in
1293 2237 1349 2267 eo
1384 2223 1493 2268 scri-

121 2279 255 2346 ptore
286 2287 573 2343 recensendo,
607 2288 654 2332 iu
678 2304 786 2347 quo,
820 2296 1011 2350 propter
1043 2290 1221 2336 crebras
1256 2298 1493 2351 corrupte-

123 2353 214 2411 las,
258 2369 327 2398 res
361 2357 501 2400 omnis
533 2356 592 2400 ad
627 2371 816 2403 acumen
849 2359 1074 2416 criticum,
1119 2373 1212 2418 quo
1245 2360 1374 2405 illum
1407 2360 1495 2404 mi-

124 2437 205 2466 nus
238 2423 422 2469 valuisse
456 2425 637 2481 scimus,
670 2426 846 2472 rediret.
890 2427 985 2472 Sed
1019 2428 1131 2486 quid
1165 2428 1351 2486 quisque
1385 2429 1494 2473 boui

126 2490 185 2534 ad
218 2489 440 2536 Velleium
474 2495 730 2549 contulerit,
771 2496 1009 2555 perspicue
1044 2497 1282 2556 apparebit
1315 2513 1368 2542 ex
1406 2513 1493 2542 no-

123 2558 178 2603 tis
210 2560 390 2615 nostris,
422 2562 500 2606 ubi
532 2578 657 2607 veras
690 2565 967 2624 singulorum
1002 2565 1334 2611 emendationes
1365 2581 1494 2612 com-

125 2628 486 2690 memoravimus,
521 2631 651 2677 falsas
666 2664 681 2688 ,
723 2648 832 2691 quas
866 2633 1060 2679 refutare
1093 2634 1282 2694 longum
1316 2642 1360 2680 et
1391 2650 1494 2680 mo-

1185 2701 1218 2740 B
