1728 3054
243 231 355 268 nvn}
587 224 870 268 HENRIGI
915 225 1267 271 DODWELLI

244 339 325 380 ulla
354 342 493 388 erant,
532 351 625 380 cum
659 339 793 378 locum
828 338 942 378 illum
984 339 1117 381 obiret
1151 339 1357 395 Velleius,
1393 346 1525 385 castra
1553 343 1626 385 illa

242 397 507 450 praetoriana.
564 395 809 435 satellitium
847 396 1009 448 quidem
1046 398 1238 451 principis
1274 400 1505 441 instituerat
1541 402 1625 441 Au·-

243 457 407 504 gustus,
437 449 483 506 *)
527 452 603 491 sed
638 463 782 502 vagum
818 456 860 492 et
889 466 965 507 per
992 455 1118 494 multa
1154 456 1243 495 loca
1281 457 1506 509 dispersum
1530 466 1624 497 mu-

240 509 481 561 nicipiorum
517 509 724 560 ipsiusque
753 510 887 557 urbis,
930 514 973 550 et
1007 511 1095 550 sine
1125 513 1292 561 castris,
1332 514 1624 553 teste-Sueto-

240 566 319 605 nio.
378 564 424 603 In
454 569 587 604 castra
626 569 770 618 postea
799 566 952 617 coegit,
992 567 1128 607 Seiani
1169 566 1357 617 consilio,
1389 568 1460 624 **)
1499 570 1624 609 Tibe-

238 621 336 660 rius.
392 620 453 659 De
493 621 581 660 aliis
623 633 720 672 ergo
757 623 921 673 castris,
961 623 1004 662 ni
1049 625 1192 675 fallor,
1229 639 1306 665 non
1356 627 1526 666 multum
1564 631 1625 666 ta-

239 685 334 716 men
363 688 387 715 a
414 675 545 716 Roma
581 677 844 726 distantibus,
879 678 1166 730 intelligendus
1204 687 1268 721 est
1296 681 1490 723 Velleius.
1549 682 1625 722 Ca-

239 736 418 772 strorum
458 738 594 773 autem
639 734 865 778 tribunatus
909 735 980 775 ille
1011 742 1228 789 propterea
1255 739 1450 790 appellari
1477 739 1624 790 potuit,

241 788 350 840 quod
387 790 499 830 etin
528 791 888 830 castrametationis
927 792 1139 844 disciplina
1177 798 1358 834 versatus
1393 795 1538 844 fuerit,
1579 798 1624 836 et

238 845 348 899 quod
376 844 428 885 ad
456 859 624 888 munera
652 848 874 888 castrensia
902 848 1089 889 obeunda
1117 849 1232 891 illum
1261 850 1462 904 obligarit.

291 1002 332 1058 §-
362 1005 431 1047 13.
473 1002 606 1045 Illum
641 1003 767 1045 inivit
801 1001 986 1047 Velleius
1020 1017 1088 1046 an.
1115 1008 1216 1051 754.
1252 1006 1470 1061 tenuitque
1505 1005 1565 1048 ad

769 1073 926 1101 annum
956 1064 1056 1105 757.

349 1153 439 1205 Quo
467 1165 564 1194 vero
591 1157 778 1209 tempore
804 1153 1001 1194 honorem
1039 1154 1153 1194 illum
1191 1168 1338 1196 novum
1377 1155 1619 1199 consecutus

233 1207 386 1250 Noster
414 1210 552 1260 fuerit,
583 1211 636 1250 de
666 1224 716 1251 eo
746 1211 884 1263 paucis
915 1212 1219 1263 disquirendum
1249 1213 1339 1252 erit.
1395 1213 1500 1253 Illud
1528 1227 1618 1254 cer-

233 1269 340 1316 tum,
370 1268 503 1307 medio
533 1267 653 1307 alicui
681 1281 786 1307 anno
818 1268 1100 1320 assignandum
1129 1282 1221 1308 esse
1245 1269 1352 1308 inter
1375 1282 1522 1310 annum
1548 1284 1618 1311 ur-

232 1323 297 1362 bis
327 1323 621 1364 Varronianum
648 1327 744 1367 753.
776 1337 854 1376 quo
884 1325 983 1365 Caio
1012 1337 1058 1365 se
1086 1325 1128 1364 in
1158 1325 1326 1366 Oriente
1354 1330 1527 1367 testatur
1545 1327 1618 1367 ad-

232 1379 360 1419 fuisse
393 1379 599 1429 Velleius,
638 1385 680 1420 et
718 1383 814 1423 757.
855 1393 934 1432 quo
971 1381 1180 1421 Tiberium
1218 1395 1348 1435 nuper
1383 1383 1619 1436 adoptatum

233 1442 298 1476 est
324 1437 538 1477 comitatus
565 1437 608 1477 in
637 1437 908 1478 Germaniam.
963 1437 1096 1478 Priori
1132 1451 1236 1478 anno
1275 1439 1435 1479 unicum
1463 1454 1619 1481 memo-

231 1497 298 1532 rat
326 1494 597 1549 tribunatum,
635 1497 678 1533 et
714 1495 757 1533 in
797 1507 846 1534 eo
884 1507 1044 1546 quoque
1079 1495 1371 1547 stipendiorum
1407 1497 1617 1538 dumtaxat

230 1549 366 1600 initia,
412 1564 494 1590 non
533 1551 728 1591 taciturus
778 1551 920 1603 procul
970 1551 1094 1591 dubio
1141 1564 1285 1591 novam
1310 1551 1528 1604 .aliquam,
1579 1554 1615 1594 si

231 1619 352 1659 qnam
379 1607 609 1656 habuisset,
637 1607 802 1647 honoris
830 1607 1123 1656 accessionem,
1151 1608 1212 1648 vir
1236 1604 1303 1662 (ut
1330 1621 1381 1648 ex
1414 1610 1492 1650 hoc
1510 1610 1614 1663 ·ipso

232 1677 358 1715 opere
387 1662 565 1720 constat)
603 1664 803 1704 honorum
841 1664 1172 1704 studiosissimus.
1229 1663 1451 1705 Posteriori
1477 1673 1614 1708 autem

230 1733 335 1760 anno
365 1734 411 1761 se
439 1722 521 1761 hoc
549 1721 755 1761 tribunatu
782 1725 1007 1761 castrorum
1034 1721 1115 1761 iam
1140 1724 1260 1761 antea
1285 1721 1467 1763 functum
1485 1724 1615 1766 fuisse

228 1781 417 1818 testatur.
475 1777 520 1816 Si
567 1777 730 1829 quidem
778 1778 1022 1817 tribunatum
1070 1781 1294 1818 castrorum
1336 1781 1613 1830 praetoriano-

228 1846 339 1883 rum,
368 1846 443 1886 pro
473 1834 659 1886 exemplo
687 1833 859 1873 militum
887 1838 1028 1887 postea
1056 1834 1400 1885 praetorianorum
1430 1835 1612 1878 dedisset
1642 1866 1645 1871 s

229 1891 458 1940 Augustus3
489 1891 548 1930 sic
577 1891 658 1930 duo
689 1890 885 1939 fuissent,
923 1890 985 1938 ad,
1005 1890 1236 1940 minimum,
1272 1892 1366 1931 anni
1402 1892 1444 1932 in
1482 1892 1611 1945 legio-

229 1947 342 1986 nario
375 1948 580 1987 tribunatu
616 1946 860 1995 necessarii,
899 1948 1132 1999 priusquam
1166 1951 1307 1999 posset
1339 1948 1392 1988 ad
1430 1950 1609 1991 tribuna-

229 2007 317 2043 tum
351 2004 697 2056 praetorianorum
725 2003 957 2044 ascendere.
1017 2003 1087 2043 Sic
1115 2016 1219 2044 anno
1252 2005 1350 2047 754.
1384 2010 1607 2048 castrorum

197 2109 202 2113 Ι
228 2059 342 2101 illum
373 2061 620 2102 tribunatum
654 2060 825 2113 adeptus
855 2060 1014 2100 fuisset.
1072 2061 1195 2111 Atqui
1227 2061 1307 2100 iam
1341 2063 1608 2115 ostendimus,

214 2107 286 2156 'ita
321 2117 470 2156 nullam
507 2117 637 2156 fuisse
669 2117 734 2156 his
771 2116 1021 2169 temporibus
1053 2116 1304 2168 disciplinam
1332 2121 1608 2171 praetoriano-

227 2187 344 2222 rum,
372 2179 419 2213 ut
446 2186 498 2216 ne
527 2174 691 2226 quidem
720 2173 873 2213 fuerint
903 2178 1034 2212 castra
1068 2175 1333 2226 praetoriana.
1390 2176 1447 2215 Et
1471 2181 1609 2218 tamen

227 2230 342 2270 illum
365 2231 499 2283 ipsum
528 2231 701 2270 eundem
730 2243 878 2269 annum
906 2229 1035 2269 fuisse
1066 2234 1184 2282 puto,
1214 2243 1293 2283 quo
1319 2243 1464 2271 novum
1493 2234 1607 2274 illum

226 2291 448 2327 castrorum
483 2288 731 2327 tribunatum
759 2286 940 2327 Velleius
981 2292 1220 2341 consecutus
1257 2288 1405 2336 fuerit;
1443 2294 1484 2328 et
1512 2291 1606 2330 bina

227 2344 331 2383 adeo
356 2344 556 2396 stipendia
585 2344 628 2384 in
652 2344 778 2396 priori
805 2343 1008 2395 legionum
1036 2343 1241 2384 tribunatu
1272 2345 1371 2384 satis
1399 2345 1528 2386 fuisse
1554 2346 1606 2386 ad

226 2400 450 2440 secuudum
483 2400 591 2442 hunc
626 2404 849 2441 castrorum
887 2400 1154 2447 tribunatum3
1192 2401 1244 2440 ad
1284 2401 1459 2442 eundem
1486 2403 1605 2455 plane

226 2457 422 2507 modum,
468 2470 548 2511 quo
588 2470 636 2500 se
672 2470 742 2500 res
767 2456 949 2499 habebat
980 2457 1022 2498 iu
1060 2457 1271 2511 disciplina
1303 2458 1475 2500 militum
1511 2472 1605 2514 gre-

224 2759 234 2770 ,
288 2669 1141 2797 Tssi)sgggggflflggsswggP-fflg,”floggfhffl
1166 2681 1230 2753 {¹51
1254 2670 1411 2755 {is‘vzct
1436 2717 1480 2754 «ιο
1502 2718 1599 2755 caes.

223 2771 259 2795 ln
323 2773 334 2796 Ι
361 2773 410 2797 er·
