1728 3054
201 167 347 205 XCVIII
515 158 796 226 No'rljr1A
845 156 1269 202 LITTERARIA

203 268 279 315 mis
314 286 409 314 vero
448 272 595 313 Graeci
633 274 676 311 et
715 269 866 318 Italici,
905 281 1024 322 quem
1063 281 1205 310 nosse.
1227 270 1372 310 civium
1419 283 1582 312 suorum

203 333 377 372 maxime
419 331 635 378 intererat,
673 328 850 378 origines
891 328 1302 379 commutationesque
1342 339 1434 368 esse
1474 342 1584 368 com-

203 390 391 442 plexum,
422 386 551 424 donec
580 385 631 423 ad
661 396 709 423 ea
737 385 968 436 pervenerit
996 387 1204 436 tempora,
1234 385 1400 436 quibus,
1437 389 1482 424 ut
1508 386 1584 424 im-

203 446 359 498 perium
396 442 669 481 Romanorum
706 444 904 481 terrarum
939 441 1104 488 orbem,
1144 441 1201 480 ita
1238 454 1377 480 eorum
1415 441 1586 481 historia

204 506 430 541 ceterorum
469 497 707 550 populorum
743 510 810 537 res
848 501 984 549 gestas
1019 498 1203 537 hauserit
1237 497 1350 549 quasi
1369 501 1431 552 *et
1465 499 1510 537 in
1539 510 1585 537 se

204 555 572 609 comprehenderit.
606 553 687 594 -Et
713 554 817 594 haec
848 554 1008 605 quidem
1040 559 1134 594 sunt
1159 554 1228 593 illa
1255 558 1461 608 tempora,
1498 555 1586 606 qui-

203 615 304 661 bus,
347 604 616 652 Macedonum
645 623 771 663 reguo
799 611 956 660 deleto,
996 610 1321 663 Carthagineque
1361 615 1404 655 et
1443 611 1586 650 Coriu-

203 670 275 710 tho
315 669 484 717 excisis,
525 668 697 708 Romani
734 667 932 719 reliquum
974 668 1114 708 orbem
1164 668 1335 721 imperio
1373 680 1446 707 suo
1491 668 1585 707 sub-

203 727 411 773 iecerunt,
450 725 706 775 omniumque
740 724 982 777 populorum
1015 724 1217 764 fortunam
1252 724 1451 764 moderati
1479 730 1583 766 sunt.

204 783 348 834 ltaque
388 794 412 821 a
447 781 597 821 Perseo
635 781 732 820 inde
775 782 881 820 victo
924 780 1112 820 continua
1155 781 1291 834 pergit
1330 794 1465 821 rerum
1503 781 1586 821 Ro-

203 852 410 879 manarum
458 838 658 879 enarratio
707 837 760 878 ad
807 837 945 878 Liviae
990 850 1118 889 usque
1169 839 1352 887 obitum,
1391 851 1415 877 a
1457 837 1504 877 U.
1537 837 1584 878 C.

319 962 366 1003 In
408 961 534 1015 priori
569 965 706 1001 autem
744 961 878 1014 operis
915 960 1066 1002 Velleii
1102 964 1219 1015 parte
1246 961 1431 1002 mutilata
1459 960 1588 1001 Grae-

205 1032 277 1062 cos
304 1020 449 1072 'egisse
487 1018 666 1072 potiores
704 1023 868 1071 partes,
914 1023 1028 1071 patet
1066 1020 1240 1071 primum
1277 1019 1341 1058 vel
1392 1030 1443 1058 ex
1488 1019 1587 1071 ipsis

205 1078 325 1122 huius
354 1076 480 1129 partis
509 1073 710 1128 reliquiis,
752 1088 849 1127 quas
878 1075 1126 1115 Graecorum
1162 1088 1229 1115 res
1258 1075 1310 1115 ad
1339 1074 1494 1115 Urbem
1523 1088 1589 1114 us-
1620 1088 1623 1090 ’

207 1148 286 1186 que
325 1133 527 1173 conditam
565 1133 820 1185 potissimum
859 1133 1046 1185 explent;
1095 1132 1244 1172 deinde
1290 1145 1314 1172 e
1357 1132 1589 1183 fragmento

206 1190 377 1239 velleii,
425 1203 450 1229 a
476 1189 680 1229 Prisciano
709 1190 780 1229 lib.
810 1188 883 1230 VI.
921 1202 1012 1242 pag.
1041 1193 1137 1231 706.
1171 1187 1481 1229 servatoz'Nec
1511 1189 1590 1228 mi-

205 1260 286 1287 nus
319 1247 460 1287 clarus
497 1260 548 1286 ea
584 1250 830 1299 tempestate
861 1246 957 1298 suit
991 1244 1198 1285 Miltiadis
1229 1246 1379 1299 filius,
1432 1244 1589 1285 Cimon.

206 1303 314 1344 Tum
345 1315 504 1354 quoque
537 1302 786 1343 Graecorum
814 1303 948 1351 natio,
968 1306 1014 1342 ut
1041 1315 1179 1342 rerum
1208 1302 1429 1342 fortissime
1455 1305 1590 1353 gesta-

205 1374 294 1400 rum
324 1358 473 1411 gloria,
502 1359 559 1398 ita
588 1359 777 1408 coloniis,
806 1359 1082 1407 commerciis,
1109 1359 1218 1398 vitae
1247 1359 1372 1407 cultu,
1398 1359 1590 1407 moribus,

205 1417 401 1466 inventis,
438 1415 592 1455 artibus
621 1429 668 1455 ac
701 1415 908 1467 doctrina,
948 1419 992 1455 et
1019 1416 1160 1456 orbem
1187 1419 1388 1456 terrarum
1416 1427 1590 1464 omnem,

207 1477 252 1514 et
278 1473 434 1513 ltaliam
461 1472 765 1524 Romanamque
791 1473 935 1513 urbem
962 1472 1156 1525 implevit.

319 1550 442 1593 Unde
491 1555 626 1591 autem
668 1550 872 1603 Velleius,
931 1565 1025 1592 cum
1074 1552 1125 1592 ab
1164 1547 1281 1592 initio
1316 1549 1501 1590 mutilum
1539 1548 1592 1589 sit

207 1608 469 1663 opusculum,
496 1608 708 1649 historiam
739 1621 906 1649 exorsus
935 1608 1012 1659 sit,
1050 1609 1252 1649 coniicere
1279 1608 1399 1656 licet,
1426 1611 1511 1647 tum
1542 1618 1592 1646 ex

206 1667 282 1715 iis,
318 1678 421 1718 quae
456 1666 589 1706 adhuc
626 1666 669 1705 in
705 1665 904 1718 principio
943 1669 1125 1716 exstant,
1163 1670 1249 1706 tum
1289 1677 1341 1705 ex
1377 1663 1592 1704 historico-

206 1723 296 1763 rum
325 1722 599 1762 Romanorum
636 1734 752 1762 more
789 1722 1030 1763 exordiendi
1065 1736 1202 1763 rerum
1234 1721 1502 1762 narrationem
1531 1721 1592 1759 in-

207 1780 261 1820 de
290 1791 314 1818 a
342 1777 492 1818 Troiae
527 1778 708 1826 excidio,
744 1779 989 1831 Aeneaeque
1028 1783 1071 1818 et
1109 1779 1375 1819 Troianorum
1418 1777 1593 1816 adventu

205 1837 249 1876 in
283 1834 451 1874 Italiam.
509 1834 616 1875 Nam
657 1847 760 1886 quae
800 1848 824 1874 a
859 1835 996 1875 fronte
1033 1835 1127 1875 libri
1163 1835 1284 1888 primi
1319 1834 1510 1885 leguntur
1539 1833 1592 1871 de

207 1892 458 1932 Graecorum
488 1891 714 1943 principum
755 1903 778 1930 e
817 1891 926 1931 bello
955 1891 1131 1931 Troiano
1161 1891 1416 1931 redeuntium
1445 1890 1593 1929 errori-

206 1949 302 1998 bus,
348 1947 465 1997 fatis,
503 1947 811 2000 civitatibusque
848 1948 1000 2000 passim
1036 1948 1230 1999 conditis,
1270 1961 1319 1988 ea
1357 1947 1594 1986 naturaliter

208 2005 483 2058 sequebantur
514 2004 576 2044 Ilii
607 2004 738 2044 eversi
769 2004 1018 2044 memoriam.
1076 2005 1220 2056 Neque
1250 2004 1479 2044 deseruisse
1509 2003 1592 2042 No-

207 2066 338 2102 strum
376 2073 631 2102 communem
670 2064 879 2101 auctorum
919 2061 1094 2113 origines
1135 2061 1337 2102 Romanas
1375 2061 1424 2099 ab
1454 2061 1592 2100 Aenea

208 2119 375 2171 eiusque
413 2118 585 2159 cohorte
631 2118 848 2170 repetendi
890 2118 1225 2158 consuetudinem
1262 2117 1470 2170 probabile
1516 2119 1593 2165 est,

207 2177 382 2216 maxime
411 2188 530 2225 cum,
564 2178 611 2215 ut
639 2175 718 2214 alio
746 2175 837 2215 loco
868 2175 1113 2224 videbimus,
1154 2175 1309 2227 gratiae
1339 2174 1480 2214 domus
1509 2174 1593 2213 Au-

208 2237 376 2285 gastae,
415 2245 519 2284 quae
553 2231 776 2273 Anchisem
805 2229 1091 2284 Veneremque
1130 2232 1263 2284 gentis
1295 2231 1419 2271 Iuliae
1455 2234 1593 2269 aucto-

207 2300 274 2329 res
302 2288 567 2342 gloriabatur,
614 2289 838 2342 captandae
877 2289 931 2329 sit
971 2288 1299 2329 studiosissimus.
1357 2287 1540 2338 Denique
1569 2298 1594 2325 a

208 2344 336 2387 Troia·
359 2346 456 2395 inde
485 2349 603 2399 capta
629 2358 766 2386 rerum
795 2345 1043 2397 antiquitatis
1077 2346 1272 2385 memoria
1301 2343 1472 2391 certior,
1510 2342 1591 2382 cla-

206 2403 315 2453 rior,
353 2402 543 2456 amplior,
578 2403 783 2456 rebusque
821 2402 1234 2455 magnificentioribus
1272 2401 1402 2454 magis
1437 2398 1594 2440 referta

208 2473 299 2501 csse
329 2460 479 2514 coepit.
1299 2471 1309 2477 ·

321 2538 405 2580 Sed
443 2551 535 2579 cum
572 2537 687 2578 initio
724 2536 944 2579 historicae
980 2537 1245 2579 enarrationis
1282 2537 1404 2591 periit
1431 2546 1592 2588 quoque

207 2596 384 2636 auctoris
420 2596 546 2648 ipsius
586 2594 806 2648 praefatio:
852 2607 931 2647 quo
969 2594 1123 2634 factum
1160 2599 1246 2644 est,
1296 2598 1340 2635 ut
1380 2591 1601 2633 consilium·

206 2653 383 2693 auctoris
410 2666 503 2693 cum
540 2664 591 2693 ex
619 2652 787 2704 singulis
814 2651 936 2700 locis,
955 2651 1045 2698 ‚ubi
1082 2652 1230 2703 passim
1259 2651 1348 2704 ipse
1376 2650 1419 2689 in
1447 2647 1593 2689 transi-

207 2712 253 2750 tu
278 2709 333 2751 ad
360 2709 462 2752 illud
490 2722 538 2752 se
559 2713 723 2751 revocat
737 2739 750 2763 ,
786 2712 873 2751 tum
910 2720 962 2751 ex
1000 2708 1135 2762 operis
1163 2708 1291 2762 ipsius
1320 2707 1453 2750 forma
1482 2716 1592 2746 asse-
