1728 3054
441 226 745 271 ANNALns
784 203 1146 270 vE'LLmAm
1311 228 1490 266 cxxxm

288 340 330 395 ἓ.
356 343 427 385 27.
470 340 530 382 Et
560 339 730 396 quidem
758 352 889 389 mmo,
916 343 965 380 ut
991 337 1184 387 videtur,
1210 339 1308 381 766.

215 431 295 484 Qui
330 436 465 472 tamen
508 443 561 472 ne
597 429 641 470 id
679 429 843 482 quidem
883 428 1016 469 verbis
1053 428 1204 481 apertis
1233 427 1485 480 significavit,

54 482 64 490 ”
111 487 291 530 fueritne
325 489 509 528 tribunus
548 487 701 539 plebis:
746 499 826 533 non
867 489 931 525 est
964 485 1156 538 proinde,
1202 485 1309 536 qnod
1347 485 1398 525 ab
1434 498 1485 525 co

111 557 260 585 annum
299 535 602 596 exspectemus,
655 554 735 594 quo
773 541 1019 582 tribunatum
1058 542 1245 594 gesserit.
1309 540 1349 580 ls
1385 554 1484 593 ergo

112 601 194 641 erit
227 599 389 640 aliunde
415 612 491 652 per
523 598 732 639 ratiocinia
770 597 1050 650 explorandus.
1106 597 1246 649 Itaque
1274 598 1332 636 in·
1343 597 1493 650 primis„

112 659 270 698 certum
299 659 386 704 est,
426 656 494 707 qui
530 658 786 706 quaesturam
827 654 929 694 obiit
964 666 1070 693 anuo
1106 652 1358 694 Varroniano
1386 657 1484 698 760.

110 712 282 766 proinde
307 712 571 763 tribunatumx
593 714 687 751 ante
715 723 860 750 annum
890 709 1071 750 eiusdem
1101 710 1281 762 epochae
1309 713 1404 752 762.
1433 724 1485 759 ne

112 768 274 821 quidem
316 768 502 820 potuisse
546 779 772 819 capessere.
844 765 983 806 Annus
1026 766 1134 806 enim
1187 766 1238 805 ad
1278 767 1485 807 minimum

110 824 214 867 unus
249 827 511 876 quaesturae,
561 836 680 875 quam
729 822 909 871 remisit,
945 821 1182 875 provinciali
1232 824 1485 863 necessarius

113 884 223 932 erat,
260 883 306 920 ut
333 879 504 934 proinde
540 892 594 919 ne
629 883 788 934 tempus
827 879 991 931 quidem
1028 882 1265 931 suppeteret
1292 883 1387 919 ante
1416 893 1486 919 au-

111 949 208 978 num
235 935 371 986 illum,
407 948 526 988 quem
554 936 657 985 dixi,
695 949 772 989 per
798 935 912 987 leges
941 934 1105 975 annales
1133 939 1334 975 maturum
1364 939 1486 987 atque

111 992 347 1045 legitimum.
411 992 516 1032 Illud
550 996 762 1045 praeterea
798 996 975 1041 certum„
1013 991 1082 1044 qui
1123 995 1290 1044 praetor
1326 992 1485 1043 eodem,

113 1062 194 1101 quo
220 1049 322 1088 obiit
348 1048 570 1100 Angustus,
610 1061 715 1089 anno
753 1048 987 1100 designatus
1025 1052 1108 1096 est,
1144 1048 1258 1087 illum
1294 1053 1387 1100 post
1414 1062 1486 1101 an-

113 1118 210 1145 num
250 1105 421 1156 Augusti
464 1105 749 1157 penultimum,
809 1117 930 1144 aerae
979 1104 1166 1145 nimirum
1212 1103 1488 1146 varronianae

112 1164 211 1204 766.
240 1161 443 1209 tribunatu
471 1162 587 1214 fungi
622 1174 675 1201 ue
711 1161 872 1213 quidem
911 1161 1103 1214 potuisse.
1160 1160 1223 1201 Ita
1250 1161 1387 1201 medio
1415 1161 1488 1202 illo

113 1217 243 1271 spatio
276 1217 383 1256 inter
421 1230 568 1258 annum
604 1219 703 1263 762.
732 1222 776 1257 et
802 1220 898 1260 766.
942 1230 1068 1257 annus
1105 1218 1357 1270 quaerendus
1395 1218 1486 1268 erit,

114 1286 194 1327 quo
223 1273 404 1314 tribunus
433 1264 571 1313 noster
604 1273 732 1313 fuerit
769 1271 966 1314 Velleius.
1023 1273 1114 1325 Ego
1149 1287 1296 1313 annum
1333 1274 1487 1315 nullum

71 1330 75 1331 ⁷
114 1330 309 1383 aptiorem
335 1330 406 1369 illo
435 1330 615 1383 reperio,
654 1331 724 1382 qui
758 1331 838 1370 fuit
871 1330 991 1369 huius
1019 1330 1218 1369 intervalli
1245 1335 1489 1383 postremus.

114 1382 334 1427 Iam‘enim
364 1385 511 1440 alibi*)
542 1387 813 1436 ostendimus,
841 1391 886 1426 et
913 1399 1086 1426 annuum
1115 1386 1243 1426 fuisse
1270 1387 1386 1426 illum
1415 1388 1489 1427 tri-

113 1442 331 1492 bunatum,
374 1446 417 1482 et
456 1442 552 1494 quid
655 1442 811 1483 Romae
846 1455 1033 1482 annuum.
1101 1442 1162 1482 Ita
1196 1443 1411 1495 nimirum,
1440 1447 1488 1483 ut

114 1511 191 1539 nec
218 1498 314 1538 alibi
341 1498 445 1538 obiri
471 1502 568 1551 potu
632 1501 672 1546 t,
711 1501 992 1551 praeterquam
1019 1498 1198 1548 Romae3
1238 1512 1314 1539 nec
1341 1512 1489 1553 perno-

114 1560 229 1595 ctare
256 1554 315 1594 ini
344 1558 458 1594 extra
485 1555 627 1594 urbem
662 1555 845 1603 licuerit,
885 1555 1113 1607 quicunque
1149 1555 1192 1594 in
1228 1555 1300 1594 illo
1339 1557 1489 1596 fuisset

115 1611 365 1662 magistratu.
432 1610 519 1650 Nec
554 1615 690 1650 tamen
726 1612 887 1664 integro
924 1623 1029 1651 anno
1068 1624 1093 1651 a
1132 1610 1299 1651 Tiberio
1343 1613 1489 1652 abesse
1519 1643 1522 1646 .

115 1666 271 1720 potuit,
309 1666 378 1718 qui
413 1665 580 1707 Tiberio
618 1680 693 1720 per
727 1680 852 1708 annos
890 1667 1100 1708 continuos
1137 1666 1197 1707 IX
1234 1667 1388 1717 adfuit,
1423 1668 1489 1717 vel

116 1726 321 1775 spectator
349 1723 435 1762 eius
462 1723 648 1762 nimirum
675 1723 740 1763 vel
769 1724 948 1771 adiutor,
988 1723 1039 1762 ab
1068 1736 1171 1762 anno
1199 1723 1414 1772 nimirum,
1444 1729 1487 1765 ut

115 1778 393 1831 probavimus,
422 1781 519 1820 757.
554 1779 591 1818 F
590 1778 725 1819 aciunt
758 1779 849 1827 illa,
883 1783 931 1819 ut
958 1791 1034 1818 nec
1061 1779 1104 1819 in
1135 1792 1283 1819 annum
1312 1780 1486 1832 aliquem

114 1835 354 1875 anteriorem
381 1834 558 1874 conferri
586 1835 812 1877 tribunatus
838 1833 910 1877 me
936 1835 1139 1888 potuerit,
1165 1848 1243 1877 nec
1272 1841 1408 1879 tamen
1433 1838 1488 1879 sit

116 1891 223 1932 ultra
249 1890 361 1932 inum
388 1890 652 1932 differendus.

170 2046 212 2102 §-
238 2050 307 2092 28.
352 2048 621 2089 Tribunatum
654 2049 778 2090 inivit
812 2047 917 2090 Dec.
945 2047 1001 2090 X.
1029 2050 1126 2092 765.
1167 2048 1432 2104 depositurus

439 2106 633 2147 Decemb.
662 2105 811 2146 itidem
839 2104 898 2146 X.
928 2106 1033 2146 anni
1056 2108 1156 2148 766.
1320 2139 1323 2141 .

226 2201 328 2244 Cum
370 2205 506 2246 clades
547 2206 617 2247 illa
663 2206 869 2260 legionum
908 2207 1173 2248 Varianarum
1220 2206 1487 2259 contingeret,

116 2261 200 2298 tum
241 2260 410 2310 bellum,
448 2263 502 2303 de
541 2276 620 2315 quo
659 2264 781 2303 modo
819 2264 1000 2316 egimus,
1046 2264 1312 2305 Delmaticum
1350 2277 1374 2302 a
1414 2263 1488 2302 Ti-

116 2315 236 2356 berio·
266 2318 495 2359 confectum
534 2320 671 2360 docuit
710 2319 911 2370 Velleius,
946 2319 1020 2375 **)
1069 2326 1114 2362 et
1152 2325 1247 2373 post
1285 2318 1488 2359 Velleium

117 2370 207 2419 alii,
235 2370 326 2427 ***)
365 2387 469 2415 anno
507 2377 695 2416 nimirum
731 2375 981 2418 Varroniano
1009 2381 1106 2420 762.
1150 2376 1339 2417 Proximo
1367 2372 1488 2432 ****)

117 2438 221 2467 anno
247 2430 342 2471 763.
369 2431 502 2472 denuo
530 2433 571 2472 in
601 2432 857 2475 Germaniam
884 2434 1080 2488 irrupisse
1107 2434 1228 2475 docet
1257 2431 1485 2473 Suetonius.

210 2608 382 2698 ἓξὲξ·
399 2613 552 2694 ,ξῆν
583 2614 864 2697 submm-
897 2619 931 2661 5-
956 2617 991 2652 ⁶-

213 2700 291 2767 1:22
314 2683 461 2739 ⁸¹¹3t⁰¹²s
475 2672 655 2751 Tib-megi»-
679 2687 739 2741 16?
765 2709 835 2743 mo
857 2708 919 2743 ub.
942 2707 1029 2744 cvr.
1051 2716 1108 2742 an.
1133 2704 1214 2742 762.

290 2748 308 2792 )
329 2748 468 2786 Sueton-
490 2752 572 2787 Tib.
595 2764 672 2798 cap.
697 2753 753 2789 18.
1145 2798 1211 2839 Ε*
