1728 3054
306 179 390 222 176

606 175 653 219 G.
683 174 966 219 VELLEII
1004 175 1395 224 PATERcULl

309 296 641 354 praeoccupata
674 291 780 335 Asia
812 291 860 336 in
892 290 1066 351 Syriam
1099 293 1384 354 pervenerat]
1415 294 1672 352 Laodiciae,

311 365 566 420 expugnata
599 375 652 404 ea
685 361 820 415 urbe,
862 360 1166 418 interfecerat,
1209 362 1272 406 ita
1305 368 1476 420 tamen,
1524 373 1573 411 ut
1612 365 1671 410 ad

309 430 446 475 ictum
479 428 591 474 servi
625 429 689 473 sui
717 429 955 474 Dolabella
988 444 1077 474 non
1109 431 1303 490 segniter
1336 433 1555 478 cervicem
1588 434 1673 478 da·

309 503 402 542 ret:
448 504 493 543 et
527 497 686 542 decem
719 498 920 558 legiones
952 497 997 542 in
1032 512 1087 543 eo
1121 504 1264 544 tractu
1297 500 1365 545 sui
1406 500 1513 546 iuris
1547 501 1672 547 fece-

269 569 298 610 3
312 573 393 612 rat.

460 567 523 612 Et
555 566 624 610 M.
656 567 821 612 Brutus
855 566 906 614 G.
940 566 1158 627 Antonio,
1205 567 1330 611 fratri
1373 566 1440 615 M.
1476 570 1671 626 Antonii,

310 637 356 681 in
390 636 687 690 Macedonia,
737 635 998 695 Vatinioque
1032 636 1150 682 circa
1182 634 1491 695 Dyrrachium
1514 638 1673 683 volen-

308 707 365 751 tis
406 707 606 767 legiones
648 710 910 750 extorserat:
951 704 1030 749 sed
1077 705 1320 750 Antonium
1361 705 1486 750 bello
1529 707 1673 752 laces-

311 777 461 829 sierat3
505 774 728 820 Vatinium
769 772 1027 833 dignatione
1061 773 1291 826 obruerat;
1338 788 1440 818 cum
1474 779 1519 819 et
1551 775 1672 820 Bru-

309 854 379 892 tus
413 845 596 892 cuilibet
630 842 796 887 ducum
831 842 1148 901 praeferendus
1182 842 1428 898 videretur,
1463 848 1508 888 et
1542 843 1670 888 Vati-

268 917 399 963 4nius
432 914 543 959 nulli
574 912 741 968 nomini
774 924 863 954 non
893 917 1003 955 esset
1032 910 1367 970 postferendus;
1401 912 1447 955 in
1472 927 1563 970 quo
1585 912 1670 956 de-

305 985 504 1032 formitas
549 979 748 1041 corporis
791 994 895 1025 cum
944 978 1216 1040 turpitudine
1249 981 1444 1025 certabat
1485 980 1666 1042 ingenii,
1716 974 1719 983 Δ

351 1130 557 1168 Laodiceam
580 1128 780 1171 expugnata
804 1134 846 1159 ea
868 1123 952 1159 urbe

303 1182 370 1215 etc.
402 1175 557 1220 Exempl.
580 1178 677 1207 vetus
699 1172 824 1206 habet:
858 1171 951 1204 Lao·-

305 1227 399 1261 dicia
422 1224 608 1268 expugnat.
646 1218 790 1254 Bnmm.
823 1217 869 1251 Ut
890 1217 951 1251 hic

302 1277 402 1307 vetus
424 1269 537 1304 Codex
561 1265 727 1299 Laodicia
759 1263 866 1297 habet
889 1274 952 1306 pro

304 1318 491 1358 Laodicea,
513 1313 565 1347 sie
586 1315 704 1344 contra
726 1309 768 1342 Π.
789 1308 845 1342 87.
870 1310 952 1343 Ale-

303 1365 460 1400 xandrea
488 1370 551 1404 pro
580 1354 804 1390 Alexandria.
834 1355 950 1397 Quam

303 1409 477 1454 duplicem
511 1405 547 1440 in
583 1402 723 1437 urbium
754 1400 951 1434 nominihus

302 1456 510 1500 scripturam
541 1449 776 1492 exemplorum
807 1446 844 1480 vi
866 1447 950 1480 illu-

302 1506 453 1538 sti-arunt
482 1497 601 1533 Heius.
624 1496 668 1529 ad
691 1494 787 1539 virg.
810 1493 896 1527 Aen.
918 1493 948 1530 1.

301 1550 383 1585 2⁰1.
424 1551 459 1581 et
496 1540 755 1579 Drakenborch.
793 1540 836 1573 ad
870 1539 948 1573 Liv.

301 1595 430 1631 xxxi.
439 1593 494 1627 43.
505 1590 701 1635 [Vascosan.
713 1585 835 1619 edidit:
859 1585 952 1619 Lao-

303 1642 395 1677 dicia
420 1640 621 1684 expugnata
642 1635 874 1677 interfecerat.
898 1633 951 1666 Ex

302 1689 391 1724 Arm.
763 1700 766 1703 -

352 1686 409 1768 ea]
432 1731 516 1765 urbe
550 1730 688 1773 fecerat
733 1726 800 1758 etc.
842 1723 949 1757 Forte

302 1781 373 1825 leg.
397 1779 629 1820 interfecerat,
652 1772 707 1806 vel
733 1772 926 1814 confecerat
934 1780 949 1810 ,-

303 1828 356 1861 ita
380 1831 517 1861 tamen,
549 1826 588 1854 ut
620 1819 667 1853 ad
698 1819 814 1852 ictum.
849 1817 950 1849 Rmz-

303 1883 387 1908 run.
425 1870 528 1905 Hunc
560 1866 679 1899 locum
717 1874 797 1896 cum
830 1861 949 1895 multis

262 1933 264 1935 ’
301 1917 482 1961 foedisque
526 1909 670 1946 maculis
713 1909 764 1943 ita
807 1905 948 1947 exhibet

301 1964 395 1999 Edit.
426 1973 478 2006 pr.
511 1958 716 1993 Laodiceam
747 1958 948 1998 expugnata

303 2023 347 2046 ea
380 2009 463 2044 urbe
487 2008 644 2050 fecerat,
675 2003 727 2036 ita
757 2006 874 2034 tamen
907 2003 947 2033 ut

302 2057 473 2091 adiectum
488 2051 576 2086 servi
593 2049 646 2084 sui
663 2052 726 2082 etc.
750 2046 831 2090 Nos,
848 2045 947 2079 Rhe-

301 2102 383 2138 nani
414 2098 592 2142 Vossiique
619 2092 871 2128 emendationes
892 2102 947 2125 se-

303 2148 374 2184 cuti
387 2173 398 2190 ,
429 2156 549 2180 veram
569 2141 751 2177 lectionem
784 2139 821 2173 in
851 2141 947 2172 textu

250 2185 257 2192 ⁸
300 2192 540 2240 expressimus.

344 2252 399 2286 sm·
428 2250 513 2285 iuris
537 2247 685 2291 fecerat.
725 2239 818 2276 Hinc
847 2239 945 2274 locu-

299 2298 430 2334 tionem
461 2293 584 2330 sumsit
622 2287 752 2333 Sulpic.
786 2287 865 2321 Sev.
898 2286 944 2322 11.

297 2345 356 2380 17.
392 2354 453 2388 per
472 2340 583 2375 'omne
615 2335 814 2380 imperium,
854 2332 944 2377 quod

276 2392 353 2429 lsai
383 2390 468 2424 iuris
500 2388 672 2431 effecerat.
704 2382 834 2415 Lucan.
868 2379 943 2414 vn.

296 2436 355 2472 55.
385 2436 444 2480 qui
473 2438 524 2468 tot
554 2431 654 2466 simul
683 2427 834 2470 undique
855 2435 944 2479 gen-

294 2488 347 2517 tes
371 2482 460 2516 Iuris
483 2479 608 2513 habere
637 2475 690 2509 sui
712 2474 826 2506 vellet.
857 2471 943 2504 Vnde

295 2529 450 2563 Gronov.
483 2525 528 2559 ad
559 2523 635 2558 mv.
668 2519 795 2555 xxix.
825 2516 882 2551 31.
906 2519 941 2551 et

292 2574 425 2610 Duker.
449 2572 495 2608 ad
517 2570 663 2605 eundem
690 2563 834 2600 xxxll.
858 2562 916 2597 33.

338 2634 372 2675 §.
402 2631 436 2667 3.
477 2626 643 2663 volueratis
672 2624 835 2669 legiones.
866 2621 939 2655 Ex-

291 2678 398 2721 empl.
427 2679 526 2710 vetus
547 2674 677 2708 habet:
709 2670 859 2703 volentes
887 2667 938 2702 le-

253 2750 265 2778 .'
289 2725 421 2772 giones.
451 2722 570 2767 sicque
597 2719 671 2764 leg.
692 2717 837 2763 Bonan.

1066 1122 1128 1157 ced
1150 1121 1336 1157 Antonium
1361 1121 1448 1156 bello
1471 1122 1669 1158 lacessicrat

1018 1171 1082 1203 ete.
1106 1169 1208 1202 Hunc
1231 1169 1346 1202 locum
1365 1180 1407 1202 ex
1426 1168 1574 1204 Editoris
1593 1169 1668 1204 Ba-

1017 1214 1070 1248 sil.
1085 1212 1300 1248 restitutione
1320 1215 1550 1248 exhibuimus.
1570 1215 1664 1250 Edit.

1018 1271 1074 1304 pr.
1102 1260 1209 1295 habet
1241 1271 1385 1303 pravam
1418 1265 1453 1294 et
1481 1260 1664 1296 lectionem

1017 1311 1053 1340 et
1092 1305 1415 1349 interpunctionem:
1455 1307 1524 1340 Sed
1556 1309 1667 1341 Anto-

1016 1352 1111 1385 nium
1136 1352 1220 1385 bello
1257 1352 1456 1387 lacessierat
1493 1353 1662 1392 Vatinius,

1017 1398 1220 1443 dignatione
1241 1398 1412 1432 obruerat.

1061 1455 1147 1488 nulli
1167 1454 1297 1487 nomini
1325 1465 1392 1488 non
1424 1459 1512 1490 esset
1531 1457 1662 1500 poatfe-

1015 1501 1152 1535 rendus.
1185 1500 1326 1534 Nemini
1358 1501 1394 1535 in
1416 1505 1547 1535 textum
1569 1501 1664 1536 venit

1015 1556 1059 1581 ex
1090 1546 1247 1580 variante
1283 1545 1455 1591 scriptura
1493 1546 1663 1592 sequentis

1016 1604 1096 1637 non,
1119 1597 1223 1636 atque
1243 1592 1329 1626 adeo
1350 1593 1541 1627 delendum.
1560 1593 1663 1637 Quod

1016 1643 1089 1674 tam
1113 1638 1328 1683 perspicuum
1351 1643 1422 1682 est,
1452 1643 1492 1674 ut
1521 1638 1661 1681 nemini,
1722 1654 1728 1661 ¹

1013 1689 1150 1730 praeter
1170 1685 1298 1719 Anium
1317 1684 1401 1729 Nep.
1414 1710 1424 1727 ,
1455 1685 1491 1719 in
1512 1689 1661 1719 mentem

1014 1732 1151 1766 venisse
1182 1730 1299 1765 mirer.
1335 1731 1459 1765 Simile
1498 1731 1661 1766 mendum

1013 1777 1100 1812 olim
1138 1776 1307 1811 insidebat
1345 1776 1503 1812 Ciceroni
1533 1776 1660 1812 Parae.

1015 1824 1072 1858 lv.
1084 1824 1116 1858 1.
1141 1834 1215 1857 cum
1231 1825 1329 1866 serre
1344 1824 1453 1868 pulsis
1469 1823 1660 1868 magistra-

1011 1870 1121 1911 tibus,
1144 1875 1285 1902 senatus
1302 1881 1421 1903 nomen
1441 1869 1478 1903 ίπ
1501 1879 1572 1913 rep.
1591 1880 1659 1902 non

1012 1920 1099 1949 erat.
1124 1914 1192 1948 Sed
1216 1914 1406 1957 Graevius,
1428 1926 1495 1948 non
1507 1914 1657 1956 sublato,

1010 1961 1083 1994 vim
1107 1965 1141 1995 et
1163 1961 1375 2006 elegantiam
1404 1960 1458 1994 illi
1481 1960 1556 1994 loco
1578 1959 1659 1994 red-

1012 2006 1110 2043 di‘dit.
1142 2007 1242 2050 [nulli
1263 2006 1393 2041 homini
1413 2006 1506 2041 dedit
1529 2005 1658 2041 Vasco·

1011 2064 1083 2088 san.
1116 2053 1168 2086 Ex
1189 2053 1298 2094 Ana]

1056 2113 1090 2153 ς,
1115 2109 1148 2144 4.
1192 2109 1229 2144 in
1260 2120 1325 2153 quo
1357 2107 1556 2152 deformitas
1580 2118 1656 2143 eam

1010 2156 1234 2200 turpitudine.
1277 2155 1434 2198 Exempl.
1482 2157 1654 2189 vetustum

1010 2203 1136 2237 habet:
1152 2203 1188 2236 in
1207 2212 1271 2246 quo
1289 2201 1492 2243 deformitas
1508 2200 1656 2244 corporis

1009 2260 1086 2283 cum
1109 2247 1321 2292 turpigudine
1335 2247 1489 2280 certabat
1507 2246 1652 2291 ingenii.

1008 2295 1148 2329 Binum.
1179 2293 1310 2327 Seneca
1348 2293 1391 2325 de
1421 2291 1535 2326 Const-
1569 2291 1654 2336 Sap.

1009 2341 1066 2375 17.
1095 2337 1457 2376 Vatinium,homiuem
1478 2342 1599 2372 natum
1618 2341 1654 2373 et

1010 2387 1058 2421 ad
1087 2387 1212 2425 risum,
1255 2389 1289 2418 et
1314 2384 1362 2417 ad
1386 2385 1525 2426 odium,
1555 2394 1652 2417 seur-

1006 2444 1084 2468 ram
1111 2432 1223 2475 fuisse
1255 2435 1436 2464 venustum
1470 2442 1511 2464 ae
1553 2430 1652 2463 dica-

1008 2490 1098 2520 cem,
1119 2477 1302 2511 memoriae
1323 2477 1498 2521 proditum
1518 2480 1578 2509 est.
1607 2475 1651 2509 In

1003 2525 1108 2571 pedes
1129 2535 1206 2557 euos
1235 2523 1306 2567 ipse
1325 2524 1476 2566 plurima
1501 2521 1648 2564 dicebat,

1005 2577 1040 2606 et
1064 2572 1101 2604 in
1118 2572 1243 2613 fauces
1265 2569 1426 2603 concisas.
1457 2570 1512 2603 Sic
1534 2567 1648 2602 intimi-

1003 2627 1118 2652 eorum
1150 2635 1187 2640 —
1219 2620 1258 2649 et.
1289 2615 1443 2659 inprimis
1479 2613 1647 2648 Ciceronis

1001 2662 1232 2699 urbanitatem
1255 2661 1390 2706 effugit.
1412 2660 1515 2705 Quod
1537 2671 1559 2694 a
1581 2658 1646 2693 Se-

942 2760 945 2762 ·
999 2720 1089 2746 neca
1119 2707 1286 2753 seriptum
1315 2718 1409 2752 esse,
1435 2715 1645 2753 magnopere
