1728 3054
250 196 336 240 254
555 192 602 233 C.
641 191 928 234 VELLEH
973 191 1357 237 PATERCULI

255 314 356 354 ante
378 307 424 352 in
441 304 620 352 hostem
651 304 916 367 inciderunt,
949 323 1086 368 quam
1109 323 1193 369 per
1213 310 1532 370 exploratores,
1553 313 1632 359 ubi

215 377 392 422 Ghostis
426 382 562 430 esset,
599 382 936 436 cognoscerent.
1005 378 1103 422 Iam
1133 378 1272 438 igitur
1302 380 1348 424 in
1385 380 1531 426 dubiis
1557 398 1633 428 re-

253 447 338 490 bus
377 451 519 489 semet
558 445 683 505 ipsae
725 445 929 506 legiones
967 446 1258 503 adhortatae,
1324 447 1533 510 iugulatis
1563 452 1632 496 'ab

253 515 384 560 hoste
416 514 685 572 quibusdam
714 515 900 559 tribunis
936 516 1149 572 militum,
1194 516 1466 579 interempto
1496 533 1635 579 prae-

251 584 375 629 fecto
425 590 695 638 castrorum,
739 584 1070 644 praefectisque
1119 584 1401 643 cohortium,
1437 603 1527 633 non
1561 589 1632 633 in·-

252 651 444 699 cruentis
482 652 835 709 centurionibus,
891 648 1053 712 quibus
1096 655 1229 699 etiam
1277 656 1412 716 primi
1453 657 1633 703 ordines

253 722 486 778 cecidere,
536 723 740 767 invasere
778 721 958 780 hostes,
1004 738 1090 769 nec
1135 724 1386 771 sustinuisse
1422 727 1634 785 contenti,

253 797 472 851 perrupta
509 806 664 836 eorum
700 791 822 847 acie,
875 806 929 836 ex
957 792 1183 852 insperato
1219 794 1454 840 victoriam
1485 796 1634 841 vindi-

215 865 480 914 7caverunt.
547 861 656 905 Hoc
692 860 789 905 fere
824 865 1033 920 tempore
1068 863 1306 923 Agrippa,
1354 865 1431 923 qui
1466 865 1632 910 eodem

252 930 356 985 die,
399 943 491 988 quo
530 929 763 985 Tiberius,
804 929 1046 989 adoptatus
1085 932 1144 976 ab
1190 946 1276 976 avo
1317 948 1397 979 suo
1437 934 1630 979 naturali

250 1004 369 1053 erat,
412 1004 458 1042 et
487 998 578 1043 iam
613 1004 716 1044 ante
744 998 993 1057 biennium,
1041 1000 1186 1059 qualis
1223 1007 1361 1058 esset,
1408 1018 1630 1063 apparere

250 1074 487 1127 coeperat,
541 1067 653 1113 mira
697 1068 918 1128 pravitate
985 1068 1119 1113 animi
1176 1075 1311 1128 atque
1368 1071 1536 1133 ingenii
1586 1073 1633 1117 in

248 1137 518 1199 praecipitia
551 1151 817 1195 conversuS‚
861 1137 1000 1197 patris
1038 1144 1170 1197 atque
1210 1138 1410 1186 eiusdem
1449 1142 1523 1186 avi
1565 1142 1633 1186 sui

249 1208 446 1251 animum
489 1206 698 1251 alienavit
735 1207 840 1259 sibi3
887 1221 1082 1266 moxque
1117 1209 1413 1254 crescentibus
1455 1211 1501 1255 in
1535 1211 1631 1256 dies

247 1277 387 1331 vitiis,
424 1274 614 1335 dignum
649 1275 804 1320 furore
835 1290 915 1320 suo
948 1274 1108 1320 habuit
1144 1276 1326 1321 exitum.

386 1343 521 1390 CAP.
570 1342 734 1389 CXIII.
788 1345 966 1404 Accipe
1012 1359 1153 1400 nunc,
1208 1343 1296 1389 M(
1316 1345 1485 1402 Vinici,
1529 1351 1631 1390 tan-

248 1418 343 1459 tum
378 1413 424 1458 in
458 1413 581 1458 bello
619 1413 810 1468 ducem,
854 1418 1072 1472 quantum
1114 1414 1160 1458 in
1193 1428 1311 1474 pace
1345 1414 1471 1459 vides
1503 1415 1632 1475 prin-

248 1484 411 1543 cipem.
457 1482 621 1528 Iunctis
657 1482 949 1538 exercitibus,
985 1483 1150 1542 quique
1184 1484 1267 1527 sub
1295 1482 1496 1529 Caesare
1527 1485 1631 1529 sue-

246 1560 367 1609 rant,
404 1552 572 1611 quique
607 1551 666 1596 ad
704 1567 806 1597 eum
841 1559 1068 1610 venerant,
1103 1553 1430 1611 contractisque
1462 1553 1507 1597 in
1542 1569 1632 1599 una

248 1630 391 1669 castra
427 1622 587 1667 decem
624 1621 904 1681 legionibus,
947 1621 1088 1667 LXX.
1123 1621 1315 1681 amplius
1350 1621 1630 1682 cohortibus,

245 1689 392 1738 XlllI.
429 1689 510 1736 sed
557 1690 761 1752 pluribus
795 1706 933 1750 quam
969 1690 1132 1738 decem
1166 1697 1476 1736 veteranorum
1510 1692 1631 1737 mili-

244 1853 350 1878 snnus
373 1839 499 1875 edidit:
531 1837 593 1885 qui
613 1839 760 1874 multum
789 1850 907 1874 amore

244 1888 463 1934 imperatoris
494 1888 548 1920 sui
576 1892 814 1931 properantes.
837 1898 906 1920 un·-

246 1937 290 1971 de
312 1937 402 1969 sorte
423 1933 662 1968 coniecturam
682 1933 808 1968 sumsit
839 1932 906 1968 Li-

246 1983 354 2028 psius.

294 2043 327 2084 §-
352 2039 386 2074 6.
419 2037 479 2082 qui
510 2036 629 2071 etiam.
662 2035 780 2079 Alias,
823 2036 906 2081 quin

245 2089 366 2122 etiam.
386 2085 560 2118 Burman.
572 2084 762 2127 Exemplar
779 2087 906 2119 vetust-

246 2135 376 2168 habet:
400 2131 521 2175 quibus
549 2131 657 2163 etiam
678 2130 784 2175 primi
810 2129 905 2163 ordi·-

245 2192 307 2215 nes
353 2177 515 2212 cecidere.
557 2176 772 2211 obliteretm·
800 2174 905 2210 lectio

245 2227 283 2261 in
332 2223 504 2268 margine.
559 2223 706 2259 Bunssn.
767 2223 907 2256 Vossius

244 2270 536 2318 praepositionem
577 2281 596 2302 e
634 2269 785 2315 intelligi
817 2269 905 2312 vult,

246 2330 354 2364 quam
377 2317 506 2351 addere
529 2315 654 2349 malim
688 2327 768 2351 cum
793 2316 907 2350 Boeo-

245 2367 340 2401 lero:
374 2376 392 2398 e
419 2362 541 2408 quibus
572 2363 678 2396 etiam
709 2363 815 2406 primi
848 2373 906 2395 or-

246 2414 346 2447 dines
384 2415 450 2445 etc.
494 2408 606 2442 Primi
646 2409 783 2443 ordines
824 2410 906 2442 sunt

244 2458 352 2503 primi
400 2454 532 2491 o‘rdiuis
581 2455 819 2498 centuriones,
865 2457 905 2488 ut

240 2509 380 2550 praeter
413 2504 563 2545 Inter-pp.
593 2501 637 2535 ad
668 2501 705 2535 h.
731 2502 755 2535 l.
780 2502 905 2535 docent

242 2553 398 2586 Gronov.
412 2554 447 2584 et
471 2548 736 2583 Drakenborch.
757 2548 802 2582 ad
822 2547 901 2582 Liv.

239 2599 352 2634 XXX.
378 2598 412 2631 4.

286 2656 320 2697 §.
350 2653 385 2688 7.
438 2653 546 2687 etiam
562 2678 573 2686 ..
587 2657 671 2686 ante
713 2650 898 2686 biennium.

237 2701 363 2736 Editor
399 2699 508 2734 Basil.
548 2704 581 2734 et
624 2700 698 2733 iam
739 2702 823 2733 ante
864 2698 896 2732 b.

235 2748 331 2794 quod
361 2745 489 2791 recepi.
783 2753 785 2756 ’

1020 1837 1167 1884 dignum
1182 1841 1307 1882 surore
1328 1851 1389 1874 suo
1412 1840 1534 1876 habuit
1557 1840 1631 1876 em*-

972 1889 1058 1919 tum.
1108 1885 1231 1920 Velleii
1276 1886 1452 1929 imitator,
1496 1887 1628 1932 Sulpic.

972 1930 1093 1965 sever.
1127 1933 1153 1966 1.
1175 1932 1234 1966 51.
1266 1932 1381 1977 ibique
1413 1944 1436 1966 a
1461 1934 1550 1977 filiis
1573 1935 1629 1968 in·-

970 1980 1153 2021 ursacius,
1187 1979 1334 2023 ‹IIgnum
1360 1990 1398 2014 se
1423 1981 1552 2014 exitum
1570 1985 1629 2015 tu-

971 2023 1022 2063 lit.
1048 2024 1109 2058 ubi
1142 2024 1260 2058 Drusii
1284 2025 1537 2060 correctionem
1559 2027 1629 2061 exi-

968 2074 1043 2104 tum
1067 2082 1132 2115 pro
1155 2071 1295 2105 exitium
1325 2071 1387 2106 hic
1416 2073 1515 2107 locus
1546 2084 1629 2108 con·

967 2116 1097 2151 firmat.

1015 2174 1119 2210 cAP.
1145 2173 1267 2209 CXIII.
1291 2175 1325 2217 §-
1349 2174 1383 2209 1.
1408 2175 1447 2209 ίπ
1465 2187 1556 2221 pace
1572 2176 1628 2211 υἰ-

971 2219 1043 2254 des.
1070 2221 1258 2265 Principes.
1293 2222 1479 2266 Exemplar
1500 2226 1627 2257 vetunt.

969 2267 1021 2300 sic
1053 2267 1180 2308 habet,
1211 2271 1246 2302 et
1274 2272 1369 2302 recte
1397 2268 1559 2312 quidem,
1588 2271 1628 2303 ut

970 2313 1061 2347 mihi
1083 2313 1238 2347 videtur:
1272 2314 1398 2359 Accipe
1428 2327 1539 2356 nunc,
1572 2315 1626 2352 M.

976 2357 1105 2403 Vinici,
1145 2364 1281 2394 tantum
1311 2361 1350 2394 in
1374 2361 1460 2395 bello
1492 2362 1626 2405 ducem,

970 2411 1137 2450 quantum
1175 2406 1219 2440 in
1251 2417 1340 2450 pace
1370 2408 1467 2442 vides
1495 2409 1627 2452 prinei-

968 2463 1059 2497 pem.
1087 2452 1215 2486 Iam-tis
1239 2453 1442 2487 exercitibus
1465 2458 1530 2488 etc.
1553 2454 1626 2488 Bu-

969 2508 1056 2532 mm.
1082 2498 1177 2532 Edit.
1202 2510 1255 2542 pr.
1289 2505 1457 2544 quantum
1480 2501 1518 2534 in
1535 2510 1626 2545 pace

967 2544 1088 2625 Zizia}
1107 2545 1285 2590 Principes
1315 2546 1443 2581 iunctis
1465 2547 1626 2582 exerciti·

1013 2601 1030 2624 s
1053 2601 1072 2624 e
1090 2601 1118 2625 c.

1013 2648 1132 2682 XIIII.
1156 2649 1219 2683 sed
1236 2649 1404 2694 plur-ihm.
1433 2648 1532 2684 Nihil
1562 2659 1626 2683 ve-

963 2694 1039 2729 rius
1078 2694 1189 2739 Lipsii
1223 2695 1456 2731 correctionez
1500 2696 1624 2734 XIIII.

963 2742 1051 2784 alis,
1074 2746 1110 2778 et
1131 2742 1289 2787 pluribus
1311 2747 1378 2778 etc.

1712 2681 1728 2715 {x
