1728 3054
225 203 304 241 Lvl
537 197 817 241 HENRIGI
863 198 1222 243 DODWELLI

194 312 197 317 “
220 313 329 366 licet,
352 325 444 354 oum
470 312 605 364 ipsum
632 310 784 351 inirent
811 310 1080 352 tribunatum.‘
1097 309 1238 363 Itaque
1259 309 1501 354 Senatorum
1528 310 1606 353 filii

222 369 342 425 (quos
371 382 463 408 mox
491 382 515 407 a
545 372 640 417 toga
674 367 780 406 virili
825 372 988 408 ornatos
1023 367 1222 408 laticlavia
1243 367 1380 408 ‘fuisse
1409 367 1605 424 diximus)

221 428 450 467 tribunatus
490 423 639 463 deinde
678 423 906 475 legionum,
954 423 1187 476 alarumque
1227 423 1504 476 praefectum
1540 437 1607 465 ca-

221 484 462 536 pessebant,
490 480 599 520 test‘e
629 479 836 520 Suetonio.
865 478 910 535 *)
948 479 1010 520 Ita
1048 480 1181 520 locum
1218 480 1262 520 in
1289 480 1435 520 horum
1462 480 1608 522 militia

221 539 374 579 nullum
403 537 579 576 habebat
607 536 720 589 prior
749 537 819 576 illa
847 538 1053 576 tribunatu
1081 537 1338 590 praefectura
1367 537 1606 578 cohortium.

220 594 385 645 Reliqui
421 592 665 637 familiarum
699 593 893 636 nobilium
931 592 1236 642 adolescentes,
1270 606 1439 645 quorum
1468 598 1606 649 patres

220 663 301 689 non
339 649 515 688 fuissent
546 649 588 688 in
626 654 794 699 senatu,
833 650 1017 689 militiam
1057 663 1171 690 suam
1206 655 1439 702 equestrem
1475 663 1500 690 a
1537 662 1606 690 co-

220 705 401 750 hortium
429 704 695 756 praefecturis
725 706 1048 758 auspicabantur,
1069 719 1145 746 nec
1172 706 1411 747 laticlaviam
1434 706 1607 761 proinde

220 765 377 802 vestem
404 761 627 802 induebant
655 765 750 800 ante
778 762 1038 802 tribunatum.
1096 762 1159 804 Ita
1197 762 1342 802 Iulium
1370 762 1484 801 illum
1514 761 1608 804 Cal-

221 822 400 861 vastrum
444 815 582 867 (quem
621 818 828 861 tribunum
863 817 1104 856 laticlavium
1147 816 1423 874 appellat·**)
1462 817 1608 858 Sueto-

221 872 331 928 nius)
362 870 540 928 Dio***)
572 873 628 912 ait
652 870 1022 927 κεχιλιαρχηκέναι
1051 870 1094 922 ἐς
1123 874 1326 927 βουλείας
1355 871 1518 916 ἐλπίδα.
1549 874 1608 916 Et

221 930 380 975 senatui
429 929 770 982 praedestinatum
830 930 931 969 dicit
980 929 1175 983 Princeps
1229 931 1338 983 apud
1391 930 1607 970 Cassiodo-

222 999 326 1036 rum,
356 983 475 1041 ****)
505 987 571 1029 cui
598 986 838 1029 laticlaviam
866 986 1104 1037 dignitatem
1132 981 1498 1039 ipse'contulisset.
1526 987 1607 1027 Ita-

225 1056 306 1094 que
335 1055 450 1095 spem
479 1042 580 1085 fecit
614 1047 777 1082 senatus
806 1042 1048 1082 laticlavium
1077 1042 1340 1084 Senatoribus
1371 1040 1608 1095 designatis,

224 1095 403 1144 nondum
431 1103 566 1142 tamen
595 1099 637 1138 in
670 1099 822 1138 Senatu
849 1099 1087 1139 constitutis.
1145 1100 1202 1139 Et
1239 1100 1318 1139 hac
1354 1100 1443 1153 ipsa
1480 1100 1608 1142 tribu-

224 1161 343 1201 natus
383 1156 526 1199 militia
561 1155 804 1195 laticlavium
845 1160 1089 1207 acceperunt
1133 1156 1413 1196 adolescentes
1450 1157 1607 1198 nobiles

224 1217 388 1258 senatus
418 1212 631 1252 candidati.
681 1212 749 1252 Sic
777 1212 1058 1264 intelligimus,
1098 1218 1141 1253 ut
1169 1213 1411 1252 laticlaviam
1439 1213 1552 1254 illum
1582 1226 1608 1254 a

224 1267 420 1312 Suetonio
449 1270 492 1308 in
521 1269 696 1309 Neronis
734 1269 816 1309 vita
850 1273 1115 1309 memoratum
1146 1267 1286 1324 (quem
1315 1270 1459 1309 lulium
1488 1269 1608 1310 Mon-

221 1328 363 1371 tanum
391 1325 520 1365 fuisse
550 1325 699 1365 docent
726 1324 774 1379 †)
807 1325 974 1366 Tacitus
1005 1330 1048 1366 et
1074 1323 1157 1380 ††)
1182 1326 1256 1365 Dio
1284 1324 1606 1382 Xiphilinianus)

225 1382 401 1426 eundem
440 1379 684 1437 βουλευτὴν
713 1382 891 1435 appellet
921 1383 1031 1422 idem
1059 1383 1149 1436 ipse
1178 1380 1291 1437 †††)
1323 1382 1411 1422 Dio.
1469 1383 1608 1422 Habe-

224 1439 323 1480 bant
362 1439 470 1479 enim
513 1439 704 1484 nonnulla
744 1443 906 1485 senatus
934 1440 1022 1480 iura
1050 1439 1267 1480 Senatores
1296 1439 1357 1478 illi
1384 1439 1506 1479 etiam
1535 1440 1609 1480 de-

223 1495 399 1546 signati3
436 1499 482 1534 ut
519 1496 677 1541 certum
707 1500 772 1537 est
799 1496 990 1541 habuisse
1018 1496 1142 1546 alios,
1179 1497 1248 1548 qui
1275 1495 1327 1538 ad
1355 1496 1608 1538 consulatum

222 1556 295 1602 aut
329 1555 558 1604 praeturam
598 1553 750 1592 aliosve
797 1552 973 1599 honores
1020 1553 1133 1594 curul
1161 1566 1180 1594 s
1219 1557 1341 1608 atque
1383 1553 1609 1595 senatorios

223 1608 398 1652 fuissent
435 1609 620 1648 similiter
661 1609 873 1662 designati.
944 1608 1138 1650 Verisimi
1192 1631 1193 1634 ¹
1227 1615 1308 1659 est,
1355 1609 1489 1653 locum
1524 1610 1608 1650 illis

224 1665 354 1710 fuisse
392 1665 435 1703 in
475 1671 619 1705 senatu
654 1666 741 1705 sine
779 1667 870 1705 iure
907 1668 1133 1707 sententiae
1168 1667 1233 1706 vel
1271 1667 1466 1719 suffragii.
1537 1666 1608 1712 Sic

225 1721 333 1765 enim
363 1721 459 1766 olim
488 1722 655 1761 aderant
689 1723 732 1762 in
768 1729 911 1767 senatu
939 1725 1057 1781 pueri
1084 1723 1222 1777 ††††)
1263 1724 1385 1767 etiam
1417 1723 1609 1767 senatorii

223 1778 266 1821 in
295 1782 389 1828 toga
419 1778 541 1822 etiam
570 1783 781 1831 praetexta
821 1785 914 1819 ante
954 1787 1137 1832 tempora
1165 1780 1316 1832 Papirii
1343 1781 1606 1825 Praetextati.

223 1833 354 1873 Aliter
390 1840 524 1872 autem
562 1834 803 1879 laticlavium
842 1836 1118 1893 accipiebant,
1156 1839 1226 1887 qui
1265 1837 1410 1876 merito
1450 1850 1523 1877 suo
1560 1837 1606 1878 id

225 1891 600 1941 consequebantur,
630 1905 748 1942 quam
778 1892 860 1941 illi,
891 1893 1035 1943 quibus
1065 1893 1143 1932 hoc
1169 1894 1259 1945 ipso
1288 1894 1451 1933 nomine
1481 1894 1607 1934 debe-

226 1947 368 1994 batur,
411 1947 517 1997 quod
562 1947 690 1999 stirpe
731 1953 867 1993 essent
903 1949 1062 1991 oriundi
1100 1951 1314 1990 senatoria.
1375 1949 1607 1995 Praemium

225 2004 463 2042 meritorum
511 2003 626 2043 dedit
669 2017 742 2055 per
780 2005 986 2049 codicillos
1025 2007 1114 2058 ipse
1146 2006 1352 2063 Princeps.
1420 2007 1606 2059 Nobiles,

226 2060 297 2101 ubi
328 2060 574 2105 tribunatum
613 2061 862 2111 attigissent,
903 2062 1013 2101 domi
1058 2064 1179 2102 etiam
1220 2063 1479 2116 laticlavium,
1516 2065 1606 2107 sine

218 2116 444 2164 codicillis,
493 2117 734 2167 induebant,
774 2119 881 2170 quod
925 2119 1082 2158 scilicet
1125 2119 1204 2159 illis
1242 2121 1467 2161 tribunatus
1514 2122 1606 2175 ipse

207 2171 430 2221 ,laticlavih
442 2172 527 2223 ius,
566 2186 642 2227 pro
677 2174 815 2227 legum
849 2181 1106 2232 receptarum
1142 2177 1350 2231 instituto,
1385 2168 1604 2225 coisserret.

318 2397 359 2440 ²0¹)
381 2396 522 2433 Sueton.
545 2399 638 2444 Aug·
661 2410 736 2443 caP·
758 2399 816 2435 38·

314 2443 777 2534 212)⁵3;³ss⁰?2·b3'3,¹3¹4vf{⁹·
799 2446 857 2482 1⁰·

315 2535 409 2578 ****)
433 2537 588 2590 Cassiod.
611 2539 692 2572 Var-

312 2581 355 2624 †)
379 2582 496 2619 Tamt.
520 2584 606 2618 Anu.
631 2585 724 2619 xlll.
747 2583 805 2618 25-

313 2627 381 2670 ††)
406 2628 473 2662 Dio
511 2630 616 2673 Xiph.
650 2631 687 2664 in
720 2631 849 2669 Neron,

312 2673 406 2716 †††)
430 2674 499 2707 Dio
523 2676 585 2709 lib.
610 2677 701 2713 LXI.

311 2720 431 2765 ††††)
456 2721 550 2759 Gen,
573 2723 673 2761 Nocti
697 2723 768 2763 Att.
