1728 3054
294 715 366 777 c.
431 716 893 777 VELLEII
957 679 1602 814 PATERoum

494 811 926 912 HISTORIAE
1015 817 1396 916 ROMANAE

585 998 669 1041 An
705 999 767 1040 M.
805 982 1134 1044 VINICIUM
1170 1001 1305 1046 cos.

736 1126 1019 1190 LIBER
1073 1127 1143 1176 IL

825 1294 982 1347 cAP.
1015 1296 1053 1343 1,

242 1368 506 1442 Potentiae
534 1397 846 1443 Romanorum
880 1401 1007 1460 prior
1034 1399 1190 1460 Scipio
1223 1399 1343 1445 viam
1378 1411 1632 1467 aperuerat,

242 1465 447 1511 luxuriae
466 1502 470 1512 ,
492 1468 716 1527 posterior
759 1470 958 1528 aperuit:
1004 1470 1178 1529 quippe
1222 1476 1399 1517 remoto
1435 1471 1632 1520 Cartha-

245 1535 360 1595 ginis
401 1541 547 1594 metu,
582 1538 843 1596 sublataque
875 1538 1051 1599 imperii
1086 1538 1287 1595 aemula,
1330 1555 1422 1585 non
1465 1542 1629 1602 gradu,

243 1604 327 1648 sed
393 1606 631 1666 praecipiti
691 1622 822 1653 cursu
843 1641 857 1666 ‚
928 1602 977 1651 a‘
1015 1607 1176 1653 virtute
1244 1607 1463 1655 descitum
1483 1641 1498 1667 ‚
1567 1611 1628 1657 ad

241 1673 347 1718 vitia
381 1681 696 1735 transcursum3
731 1683 856 1721 vetus
893 1675 1130 1736 disciplina
1163 1676 1363 1735 deserta,
1408 1694 1524 1724 nova
1557 1681 1630 1725 iu·-

240 1741 400 1796 ducta;
434 1745 481 1787 in
517 1759 723 1790 somnum
758 1761 786 1790 a
818 1745 1006 1806 vigiliis,
1051 1746 1110 1791 ab
1154 1746 1286 1792 armis
1319 1747 1380 1793 ad
1413 1749 1630 1810 volupta-

287 1874 388 1909 CAP.
421 1875 449 1911 1.
492 1878 528 1919 §-
562 1875 595 1909 1.
646 1881 779 1911 remoto
812 1876 900 1911 Car-

238 1919 397 1967 thaginis
430 1927 535 1956 metu.
567 1923 669 1965 Huc,
709 1922 745 1956 ni
777 1923 898 1966 fallor,

238 1966 389 2012 pertinet
418 1968 506 2001 illud
538 1968 704 2002 Varronis
743 1969 786 2003 de
818 1970 899 2003 vita

237 2013 323 2057 Pop.
367 2015 435 2049 Ro.
487 2014 549 2048 lib.
584 2015 628 2050 11.
672 2015 763 2058 apud
807 2015 896 2050 Non.

237 2059 400 2094 Marcell.
433 2072 515 2106 pag.
549 2060 630 2094 481.
669 2062 814 2106 Propter
841 2073 897 2096 res

237 2108 427 2148 secundas,
459 2108 593 2141 sublato
617 2112 732 2149 metu,
768 2120 836 2141 non
859 2109 897 2141 in

236 2165 413 2188 commune
458 2158 633 2198 spectant,
688 2154 750 2187 sed
795 2166 896 2188 suum

236 2200 379 2245 quisque
420 2200 548 2234 diversi
586 2201 795 2234 commodum
834 2203 896 2244 fo-

236 2247 409 2280 cillantur.
457 2247 573 2289 Quam
602 2247 716 2291 ipsam
746 2258 821 2280 rem
844 2246 896 2281 ita

235 2292 403 2335 expressit
435 2292 577 2328 Sallust.
616 2294 694 2336 lug.
737 2292 794 2328 45.
829 2293 896 2327 sibi

234 2339 739 2430 352⁸33.‡“22'2253“ss5‡52;
754 2350 889 2420 '3²35ssss

234 2436 292 2465 cta
337 2437 428 2465 sunt.
483 2428 588 2476 Resp.
643 2444 732 2477 quae
778 2433 895 2466 media

224 2479 361 2520 fuerat,
386 2479 590 2512 dilacerata.
637 2479 731 2512 Idem
755 2479 890 2513 Histor.

232 2523 259 2557 1.
293 2525 383 2568 apud
414 2524 599 2569 Augustin.
635 2525 677 2558 de
713 2525 752 2558 C.
778 2526 821 2558 D.
847 2525 892 2559 11.

230 2569 289 2603 38.
316 2571 517 2615 Postquam,
551 2576 680 2605 remoto
704 2575 797 2604 metu
822 2571 892 2604 Pu-

230 2617 328 2660 nico,
351 2618 544 2651 simultates
565 2629 719 2651 exercere
741 2628 888 2651 vacuum

222 2662 319 2705 suit,
359 2664 534 2707 plurimae
565 2664 710 2706 turbae,
749 2665 888 2698 seditio-

229 2719 308 2749 nes,
340 2714 374 2742 et
405 2710 453 2743 ad
484 2714 693 2754 postremum
720 2710 809 2744 bella
842 2710 888 2743 ci-

228 2755 315 2787 vilia
338 2760 416 2788 orta
439 2761 529 2790 sunt.
578 2758 630 2790 Ex
662 2755 787 2801 quibus
809 2756 890 2790 Sal-

227 2799 323 2835 lustii
353 2801 470 2837 verbis
504 2802 662 2839 colorem
695 2791 794 2838 duxit
814 2802 888 2838 Au-

967 1879 1045 1911 ctor
1084 1878 1363 1923 Epigrammati's
1409 1879 1454 1915 de
1491 1879 1627 1916 Asdru-

965 1923 1065 1968 bale,
1097 1925 1239 1959 Anthol.
1287 1926 1365 1960 Lat.
1407 1927 1452 1964 T.
1482 1928 1510 1962 1.
1541 1940 1624 1974 pag.

963 1968 1044 2005 2⁰0.
1092 1967 1148 2004 'I'u
1173 1983 1322 2017 quoque,
1348 1971 1480 2017 Roma,
1507 1975 1624 2016 doles,-

964 2027 1061 2059 nam,
1094 2017 1176 2050 dum
1208 2018 1303 2052 cadit
1340 2020 1477 2053 aemula
1499 2021 1621 2063 virtus,

966 2062 1008 2095 In
1025 2067 1059 2096 te
1082 2065 1252 2106 converti,
1276 2076 1365 2109 quae
1386 2067 1493 2111 geris,
1520 2078 1622 2101 anna

963 2109 1070 2142 vides.
1093 2110 1220 2144 Florus
1242 2111 1285 2146 11.
1310 2110 1367 2146 15.
1396 2111 1431 2146 5.
1471 2113 1622 2148 Cartha-

962 2156 1081 2200 ginem
1104 2157 1325 2199 servandam,
1348 2169 1391 2191 ne
1409 2163 1503 2193 metu
1521 2160 1621 2193 abla-

962 2206 997 2235 to
1031 2204 1189 2236 aemulae
1219 2204 1329 2247 urbis,
1366 2204 1536 2239 luxuriari
1557 2208 1622 2250 fe-

962 2248 1076 2282 licitas
1122 2248 1298 2294 inciperet.
1344 2250 1442 2284 Addo
1472 2252 1621 2286 eundem

960 2293 1021 2329 111.
1049 2293 1106 2329 12.
1129 2294 1164 2329 2.
1189 2299 1223 2329 et
1245 2295 1296 2329 ibi
1323 2296 1540 2341 Interpretes.

1005 2341 1143 2385 imperii
1171 2342 1320 2375 aemula.
1367 2343 1420 2376 Ex
1453 2343 1618 2378 Sallustio

963 2386 1066 2420 Catil.
1094 2387 1147 2421 10.
1172 2388 1231 2421 ubi
1254 2387 1454 2435 Carthago,
1479 2391 1619 2425 aemula

961 2433 1098 2477 imperii
1128 2433 1300 2478 Romani,
1344 2435 1389 2469 ab
1419 2437 1526 2482 stirpe
1556 2437 1617 2471 in-

961 2480 1066 2513 teriit.

1002 2537 1070 2558 non
1091 2524 1232 2569 gradu,
1256 2526 1318 2560 sed
1336 2527 1525 2571 praecipiti
1538 2539 1616 2562 eur-

957 2581 998 2605 su
1022 2583 1045 2605 a
1067 2572 1194 2605 virtute
1223 2572 1398 2607 descitum.
1455 2573 1617 2609 Imitatur

957 2616 1170 2651 Sallustium
1193 2618 1285 2658 Hist.
1309 2619 1336 2654 1.
1371 2619 1463 2663 apud
1493 2621 1616 2665 Augu-

955 2663 1033 2706 stiu.
1068 2664 1093 2698 l.
1117 2675 1148 2698 e.
1186 2665 1239 2698 Ex
1262 2677 1327 2710 quo
1356 2671 1507 2710 tempore
1538 2677 1616 2700 ma-

955 2710 1065 2744 iorum
1091 2721 1222 2753 mores,
1245 2722 1313 2745 non
1333 2713 1545 2756 paullatim,
1574 2717 1615 2748 ut

954 2761 1084 2801 antea,
1107 2757 1170 2792 sed
1191 2758 1356 2794 torrentis
1387 2759 1486 2794 modo
1507 2769 1614 2805 prae-

953 2802 1101 2849 cipitati.
