1728 3054
268 167 331 203 cx
593 159 873 202 NOTlTlA
898 158 1337 204 ‘LITTERARIA

270 275 355 330 gini
385 273 694 322 adscribebant,
731 270 817 311 sive
854 270 1093 311 vocabulum
1134 283 1159 313 e
1199 275 1389 318 contextu
1426 273 1560 314 animo
1588 285 1656 314 re-

269 332 516 387 petendum,
554 331 638 368 sive
675 329 875 380 integram
912 329 1178 380 sententiam,
1216 330 1452 370 vocabulum
1482 331 1657 370 vicinum

271 390 505 436 continens,
543 391 589 425 ut
619 385 740 427 11.7.
773 390 877 426 extr.
937 386 1051 436 Quae
1083 386 1259 439 denique
1287 387 1522 427 iterationes
1550 388 1657 427 eius·-

271 446 366 486 dem
414 443 524 482 vocis
563 442 749 495 gravitati
798 441 1030 492 consulunt,
1075 457 1150 483 eae
1199 448 1274 496 per
1310 456 1357 484 se
1395 443 1547 484 habent
1587 446 1656 483 ex-

272 500 548 550 cusationem,
585 498 690 540 adeo
719 499 904 550 laudem,
945 504 990 539 ut
1018 472 1054 540 i..
1085 503 1154 543 12.
1186 506 1290 541 extra
1326 500 1376 540 11⁶
1401 503 1471 543 35.
1495 513 1558 553 pr.
1586 503 1657 543 98.-

272 563 375 598 extr.
1006 583 1012 589 -

386 624 591 675 Fuerunt,
623 622 692 676 qui
718 618 960 665 latinitatem
989 621 1140 664 Velleii
1169 623 1542 677 reprehenderent,
1571 626 1659 663 tan.-

274 695 393 734 quam
415 680 721 733 ‘inelegantem
743 685 786 721 et
823 695 846 721 a
881 681 1078 721 munditie
1117 682 1203 720 aevi
1242 682 1437 732 Augustei
1465 680 1660 720 receden-

273 744 378 789 tem3
412 740 486 778 sed
516 738 693 778 dictione
723 739 810 777 eius
839 751 930 778 cum
960 739 1203 790 optimorum
1240 739 1482 790 scriptorum
1522 750 1660 777 exem-

273 796 352 848 plis
381 801 638 848 comparata,
676 795 807 834 facile
834 795 1073 835 refutantur.
1132 794 1214 839 Alii
1243 807 1318 835 con
1359 808 1405 842 a,
1435 794 1544 846 iique
1574 795 1659 834 ele-

273 852 435 904 gantiae
464 852 603 891 arbitri
631 850 960 904 locupletissimi,
989 856 1035 891 ut
1063 852 1108 890 B.
1137 851 1306 891 Rhenan
1368 881 1380 900 ,
1411 850 1461 890 G.
1491 850 1522 890 1.
1551 850 1659 891 Vos-

275 910 358 949 sius
397 913 440 949 et
478 909 684 958 Muretus,
734 907 938 948 Velleium
978 909 1090 948 nulli
1135 908 1249 947 inter
1289 907 1468 947 Latinos
1510 919 1670 962 semma5

275 965 398 1014 dum,
449 970 611 1005 castum
655 977 705 1004 ac
726 964 923 1005 ‘nitidum
958 965 1002 1004 in
1039 963 1246 1011 dicendo;
1293 963 1519 1004 dictionem
1564 966 1659 1003 eius

270 1024 400 1076 plane
428 1021 664 1061 Romanam
692 1026 816 1075 atque
844 1023 1104 1075 elegantem,
1133 1021 1356 1060 historiam
1386 1020 1438 1060 ab
1467 1031 1517 1060 eo
1548 1025 1658 1060 terso

275 1079 468 1133 inprimis
515 1083 641 1134 atque
686 1080 913 1131 eleganter
950 1092 1040 1118 esse
1085 1078 1362 1132 explicatam,
1407 1077 1660 1125 iudicarunt;

275 1137 421 1188 quibus
450 1135 720 1187 adstipulatur
747 1135 1024 1181 Ruhnkenius.

389 1214 599 1265 Quodnam
637 1208 817 1266 priorum
855 1208 1138 1254 historicorum
1169 1207 1398 1265 exemplum
1429 1206 1660 1266 exprimere

276 1271 480 1312 studuerit
517 1271 697 1325 Noster,
744 1272 854 1311 idem
903 1271 1168 1311 Ruhnkenius
1205 1271 1247 1310 in
1283 1270 1419 1310 Praef.
1446 1271 1542 1319 ,sub
1590 1270 1662 1311 fin.

275 1329 428 1381 primus
469 1327 678 1367 verissime
712 1328 949 1370 observavit.
1008 1328 1180 1368 Etiamsi
1209 1327 1317 1367 enim
1353 1327 1559 1379 ingenium
1587 1326 1661 1366 ha-

276 1386 401 1425 bebat
437 1384 680 1437 optimorum
716 1390 925 1424 auctorum
961 1384 1161 1437 elegantia
1197 1385 1420 1434 nutritum,
1470 1387 1517 1423 ut
1556 1383 1662 1424 adeo

278 1454 419 1482 eorum
468 1442 710 1488 sententias,
759 1441 938 1480 colorem
988 1445 1111 1493 atque
1151 1445 1335 1480 ornatum
1378 1453 1663 1492 nonuunquam

276 1498 368 1550 fere
398 1497 667 1550 expresserim
694 1503 852 1546 tamen,
881 1498 1047 1538 deserto
1074 1497 1187 1537 Livio
1217 1496 1568 1549 eloquentissimo,
1596 1495 1663 1536 cui

275 1554 448 1595 forsitan
478 1554 632 1594 novitas
662 1567 734 1594 sua
763 1555 946 1605 obstitit,
985 1553 1164 1595 Sallustii
1201 1553 1457 1594 aemulationi
1486 1553 1664 1607 studuis-

276 1624 349 1662 se,
389 1612 438 1651 ab
468 1606 570 1660 hoc,
610 1614 656 1650 ut
695 1610 926 1651 Ruhnkenii
953 1612 1088 1654 verbis
1120 1616 1235 1660 utar,
1262 1610 1488 1665 *artificium
1515 1609 1663 1650 indolis

275 1668 477 1708 humanae
518 1668 812 1708 describendae
847 1668 1064 1719 didicisse,
1101 1667 1220 1708 huius
1256 1662 1482 1707 imitatione
1522 1666 1664 1708 effica-

277 1737 367 1764 cem
398 1736 490 1764 esse
521 1725 564 1763 et
591 1722 789 1763 brevitate
825 1737 1068 1776 nervosum,
1107 1726 1157 1764 ab
1197 1724 1276 1764 hoc
1313 1723 1487 1775 denique
1529 1727 1662 1763 totum

276 1781 458 1834 pendere
496 1793 587 1819 cum
624 1780 666 1819 in
702 1781 858 1831 verbis,
905 1786 990 1821 tum
1031 1782 1072 1820 in
1114 1780 1305 1820 orationis
1335 1784 1559 1829 structura,
1597 1782 1663 1820 est

275 1837 552 1877 manifestum
633 1836 846 1877 Sallustius
895 1838 1003 1877 enim
1041 1837 1226 1876 omnibus
1266 1830 1525 1876 historiarum
1561 1836 1663 1876 scri-

276 1894 460 1946 ptoribus
490 1893 587 1932 inde
615 1892 666 1931 ab
695 1893 887 1944 Aruntio‚
917 1888 1089 1945 Augusti
1118 1893 1296 1945 aequali,
1336 1893 1534 1945 scriptore
1563 1891 1662 1932 belli

276 1950 419 1990 Punici
448 1949 676 2002 deperdito,
708 1954 790 1989 tam
822 1950 923 1991 mire
951 1950 1125 2002 placuit,
1157 1956 1223 1999 ut,
1252 1950 1295 1989 in
1323 1962 1427 2002 quae
1454 1949 1523 1989 hic
1553 1949 1663 1989 ultro

276 2007 496 2058 inciderat,
543 2005 725 2045 studiose
766 2010 809 2046 et
846 2011 1003 2047 temere
1040 2007 1304 2058 quaererent,
1352 2010 1396 2046 et
1434 2010 1662 2058 amputatas

275 2062 520 2110 sententias,
556 2062 679 2101 verba
717 2067 810 2103 ante
850 2067 1126 2116 exspectatum
1163 2063 1349 2113 cadentia
1378 2066 1420 2102 et
1449 2064 1662 2102 obscuram

275 2120 517 2160 brevitatem
562 2131 637 2172 pro
681 2119 793 2158 cultu
832 2119 1051 2169 haberent3
1094 2120 1172 2159 vid.
1212 2119 1356 2160 Seneca
1393 2119 1524 2172 Epist.
1565 2121 1662 2161 114

275 2176 339 2216 Ex
368 2176 434 2216 his
463 2174 643 2215 Sallustii
671 2175 839 2215 aemulis
869 2177 1040 2216 forsitan
1069 2180 1112 2216 et
1132 2176 1293 2228 Trogus
1323 2175 1539 2231 Pompeius
1568 2175 1662 2226 fuit,

275 2246 396 2285 quem
426 2228 716 2273 sententiarum
756 2236 800 2272 et
833 2233 1042 2273 brevitatis
1079 2233 1259 2280 studium
1294 2232 1347 2272 ad
1375 2232 1542 2271 nimium
1568 2245 1663 2271 acu·

274 2290 426 2330 minum
456 2288 783 2355 argutiarumque
812 2291 1024 2342 aucupium
1054 2290 1243 2340 abduxit,
1279 2289 1349 2344 qui
1380 2289 1490 2328 istud
1520 2300 1662 2340 genus,

273 2344 517 2386 Ruhnkenio
552 2341 707 2395 iudice,
745 2350 791 2386 ut
828 2346 993 2386 Ovidius
1023 2346 1066 2385 in
1096 2345 1282 2399 ligatam,
1321 2345 1380 2386 ita
1416 2346 1459 2385 in
1499 2357 1662 2398 prosam

274 2403 498 2458 orationem
529 2401 706 2453 invexit,
743 2407 788 2444 et
816 2402 977 2446 Velleio
1005 2403 1048 2444 iu
1078 2415 1127 2444 eo
1157 2415 1318 2456 quoque
1358 2401 1442 2443 dux
1479 2401 1562 2443 fuit
1599 2406 1663 2442 at-

275 2455 355 2512 que
380 2458 622 2512 exemplum.

388 2538 634 2580 Addeudum
655 2549 824 2591 quoque
853 2541 918 2579 est
947 2538 1097 2591 aliquid
1126 2536 1180 2579 de
1207 2535 1472 2589 chronologia
1498 2535 1662 2586 Velleii,

275 2593 446 2646 eiusque
473 2599 658 2648 tempora
685 2608 822 2636 rerum
851 2596 1016 2637 notandi
1041 2596 1188 2636 studio.
1233 2595 1404 2634 Etiamsi
1434 2594 1542 2634 enim
1571 2606 1663 2633 ora·

273 2650 388 2691 toriis
425 2653 610 2692 sensibus
646 2656 689 2693 et
731 2652 876 2693 diserti
913 2653 994 2693 oris
1034 2665 1135 2693 sono
1175 2651 1426 2691 concinnavit
1452 2650 1662 2691 historiam

274 2719 388 2756 suam
424 2710 673 2763 praecisam,
709 2713 847 2752 tamea
885 2710 1160 2764 cuiuscunque
1198 2708 1320 2762 facti,
1364 2707 1429 2750 vel
1464 2708 1581 2757 eius,
1616 2706 1661 2747 in

1352 2915 1380 2947 θ
