1728 3054
205 163 379 200 mxxxvi
547 156 834 212 nemum
885 156 1237 199 uonwstm

213 273 329 311 certe
356 268 517 311 Velleio
546 270 751 322 displicuit
787 269 920 310 simile
957 268 1087 311 Sentii
1131 267 1337 311 Saturnini
1373 269 1594 323 ingenium,

215 339 335 379 quem
373 326 452 373 ait,
493 324 534 380 ²⁴²)
573 326 646 366 ubi
678 327 848 381 negotia
872 328 1080 380 fecissent
1116 327 1253 367 locum
1282 326 1392 376 otio,
1436 326 1595 368 libera-

216 383 315 432 liter
355 383 555 434 lauteque
592 395 653 422 eo·
678 383 879 432 abusum‚·
925 384 987 423 ita
1014 389 1155 423 tamen
1193 388 1241 423 ut
1283 397 1377 424 eum
1413 382 1596 436 splendi-

205 433 317 480 ''dum
346 451 398 477 ac
425 438 604 478 hilarem
634 440 796 493 potius,
826 454 950 494 quam
978 441 1244 481 luxuriosum
1292 443 1367 480 aut
1405 438 1625 484 desidemx

134 520 138 525 ,
218 494 397 535 diceres.
453 494 540 535 Nec
578 495 704 536 ullum
732 501 930 538 memorat
964 497 1160 550 scriptum
1200 509 1318 537 suum
1353 500 1472 537 antea
1510 496 1599 536 edi-

218 556 328 599 tum,
359 550 401 589 in
430 551 513 590 otio
541 551 625 591 illo.
640 553 927 594 elucubratum.
985 553 1142 606 Ingenii
1181 553 1244 593 sui
1281 553 1357 593 has
1386 553 1597 605 primitias,

219 607 261 646 in
287 606 457 658 gratiam
485 606 635 650 Vinicii
662 611 837 652 consulis
865 611 1000 651 emisit
1026 611 1116 664 ipso
1145 610 1232 650 eius
1260 610 1494 661 consulatu,
1529 623 1601 650 1111-

219 676 356 714 noque
383 663 486 703 adeo
523 665 772 708 Varroniano
799 671 896 711 ⁶183.
952 667 1047 708 Mos
1078 667 1186 708 enim
1208 672 1302 707 erat
1335 667 1415 707 illis
1443 671 1600 719 tempo·

220 720 359 769 ribus,
387 722 603 776 praecipua
630 737 815 777 quaeque
842 725 1060 766 amicorum
1089 728 1428 778 patronorumque
1443 723 1602 777 ‹gaudi-

220 777 454 819 muneribus
483 779 702 822 offerendis
732 776 935 834 gratulari.
992 782 1106 834 Quae
1135 785 1269 822 autem
1298 781 1366 820 alii
1394 781 1525 834 donis,
1551 794 1602 821 ea

223 834 388 887 scriptis
425 835 683 878 celebrabant
700 846 701 849 ’
717 841 863 891 poetae
890 844 1012 891 atque
1050 843 1244 879 oratores.
1302 838 1410 879 Hinc
1442 838 1512 879 illa
1548 838 1603 878 de

223 891 488 943 genethliaois
537 895 883 948 epithalamiisque
935 896 1116 948 Dionysii
1161 895 1461 936 Halicarnassei
1504 895 1604 935 alio-

223 961 394 1001 rumque
431 949 711 1003 Sophistarum
747 956 977 1007 praecepta.
1040 952 1148 992 Hinc
1183 955 1227 991 et
1254 952 1406 1004 scripta
1431 956 1607 1004 utroque

226 1006 426 1047 sermonis
453 1018 629 1059 genere,
665 1013 747 1050 tam
784 1010 942 1050 metrici
983 1022 1104 1062 quam
1132 1008 1256 1049 etiam
1293 1009 1426 1049 soluti.
1481 1008 1606 1049 Prae-

224 1062 346 1114 ,cipue
374 1076 470 1103 vero
497 1078 585 1106 mos
612 1066 684 1107 ille
717 1071 907 1120 receptus
944 1071 1009 1106 est
1046 1067 1090 1106 in
1131 1065 1385 1106 celebrandis
1419 1066 1605 1106 consula·

226 1119 348 1162 tibus.
414 1120 676 1164 Consulatum
713 1137 831 1164 suum
873 1124 1018 1164 Cicero
1053 1126 1138 1163 tam
1178 1121 1336 1162 Graece
1373 1135 1492 1174 quam
1531 1122 1608 1162 La·-

225 1175 334 1226 tine‚
375 1180 461 1219 tam
496 1180 674 1220 carmine
709 1194 829 1239 quam
864 1181 1047 1221 oratione
1085 1179 1207 1219 etiam
1246 1179 1452 1232 prosaica,
1491 1191 1609 1219 cura-

226 1232 285 1274 vit
325 1236 501 1287 posteris
539 1238 916 1282 commendandum.
982 1237 1109 1289 quue
1149 1234 1390 1276 enixissimis
1420 1236 1608 1289 precibus

227 1295 348 1341 urget
385 1294 673 1346 contenditque
711 1294 894 1348 epistolis
932 1294 983 1334 ad
1018 1293 1260 1340 Lucceium,
1299 1292 1609 1332 celeberrimum

227 1347 293 1386 sui
330 1349 525 1400 temporis
553 1350 814 1391 Historicum.
871 1351 941 1392 Sic
978 1350 1208 1391 consulatus
1246 1349 1467 1390 Domitiani
1500 1349 1611 1390 cele-

228 1402 348 1444 brant
386 1405 540 1447 Statius
577 1411 699 1459 atque
743 1408 964 1448 Martialisz
1011 1407 1074 1447 sic
1123 1406 1245 1447 etia-m
1291 1406 1462 1447 Honorii
1490 1406 1611 1446 Clau-

229 1459 395 1501 dianus:
423 1463 483 1502 sic
512 1464 634 1504 etiam
663 1464 918 1516 Stilichonis,
946 1464 1094 1518 privati
1119 1462 1316 1513 hominis,
1351 1464 1462 1503 idem
1491 1462 1612 1503 Clau-

229 1516 389 1559 dianus.
445 1519 550 1561 Illud
588 1521 712 1562 etiam
750 1522 977 1562 artificium*
1011 1524 1245 1574 receptum,
1272 1530 1389 1572 ‘quo
1416 1519 1612 1572 insignio·-

228 1586 311 1615 res·
337 1574 522 1617 facerent
567 1578 787 1618 amicorum
829 1583 1139 1631 patronorumve
1167 1577 1421 1625 consulatus,
1460 1576 1510 1616 siv
1535 1588 1613 1630 pro

233 1631 400 1682 epochis
425 1633 526 1673 ¹illos
560 1634 762 1676 historicis
807 1636 1049 1684 haberent,.
1074 1647 1155 1675 seu
1178 1634 1376 1674 vnimirum
1402 1633 1611 1674 *historias

234 1699 328 1726 suas
362 1689 412 1727 ab
446 1690 518 1729 illo
556 1697 830 1743 arcesserent,
865 1705 937 1732 seu
974 1693 1025 1731 ad
1053 1692 1167 1731 illum
1194 1704 1322 1742 usque
1350 1691 1613 1730 deducerent.

231 1741 420 1784 Divorum
459 1746 651 1796 fratrum,
695 1748 826 1788 Marci
864 1748 1050 1787 nimirum
1089 1748 1301 1796 Antonini,
1340 1752 1462 1798 atque
1499 1745 1615 1785 Lucii

234 1801 485 1841 consulatum
523 1803 660 1843 multis
698 1804 902 1845 historicis
941 1804 1149 1844 exordium
1180 1804 1436 1844 historiarum
1471 1803 1615 1852 fuisse,

235 1857 460 1897 observavit
493 1864 651 1899 auctor¹
667 1861 795 1909 vitae,
839 1873 958 1913 quam
994 1860 1123 1912 vulgo.
1153 1859 1386 1913 Capitolino·
1410 1859 1614 1910 tribuunt,

235 1925 310 1952 nos
346 1912 559 1966 Spartiano
600 1918 854 1957 asseruimus.
921 1917 1213 1969 Frequentiora
1257 1922 1393 1956 tamen
1429 1915 1616 1968 exempla

235 1973 330 2009 sunt
357 1976 519 2023 eorum,
549 1973 616 2024 qui
645 1974 903 2015 historiarum
932 1974 1035 2013 fines
1063 1975 1104 2013 in
1133 1973 1212 2012 illis
1245 1977 1444 2027 ponerent
1470 1985 1616 2013 consu-

237 2026 410 2077 latibuS,
449 2041 617 2080 quorum
653 2031 886 2071 memoriam
927 2031 1245 2083 apudposteros
1283 2030 1487 2070 celebrem
1525 2041 1618 2069 esse

232 2076 402 2139 Vellent.
468 2085 537 2125 Sic
570 2086 781 2127 historiam
818 2101 931 2128 suam
970 2087 1030 2127 ad'
1049 2085 1182 2127 xvn.
1213 2086 1436 2127 Theodosii
1473 2098 1618 2127 consu·

236 2138 362 2180 latum
391 2141 557 2182 deducit
582 2143 844 2184 Sozomenus.
902 2144 969 2184 Sic
998 2143 1231 2184 Stilichonis
1259 2143 1469 2184 consulatu
1501 2155 1616 2182 suam
1651 2169 1655 2176 ι

237 2195 389 2239 claudit
414 2197 624 2240 historiam
657 2200 856 2253 Sulpicius
886 2201 1071 2242 Severus.
1131 2199 1200 2240 Sic
1230 2200 1454 2240 Constantii
1483 2203 1526 2239 et
1553 2198 1615 2239 Iu-

233 2253 335 2293 liani
371 2256 579 2296 consulatu
619 2270 731 2297 suam
771 2259 956 2298 Aurelius
992 2256 1155 2309 Victor,
1191 2257 1324 2297 editus
1360 2270 1384 2296 a
1431 2256 1615 2296 Schotto.

238 2309 309 2350 Sic
337 2310 414 2351 Dio
442 2325 553 2353 suam
592 2315 798 2354 consulatu
840 2314 935 2366 suo,
975 2318 1094 2367 quem
1134 2327 1224 2354 cum
1261 2313 1490 2367 ¹Alexandro
1526 2324 1618 2364 ges-

236 2366 296 2406 sit
330 2367 594 2422 Imperatore.
653 2371 721 2412 Sic
759 2372 826 2411 alii
862 2371 977 2412 multi
1005 2371 1124 2423 plane
1152 2384 1226 2424 pro
1255 2371 1439 2422 exemplo
1467 2367 1619 2410 Velleii

241 2426 393 2477 nostri,
430 2424 577 2468 Vinicii
613 2428 676 2470 sui
715 2429 926 2470 consulatu‘
946 2427 1170 2469 'historiam
1209 2440 1322 2469 suam
1350 2425 1616 2468 terminantis.

238 2549 516 2569 m

335 2646 369 2689 *)
402 2645 489 2680 ven.
518 2644 582 2679 ιῑι».
613 2637 656 2679 n.
691 2653 768 2690 cap.
801 2634 882 2678 105.
960 2658 976 2663 -·
