1728 3054
369 224 452 267 DE
493 222 786 266 VELLmo
828 220 1235 265 PA'rnnano
1360 226 1494 262 ⁷‘cxv

103 337 221 379 enim
249 341 337 387 est,
369 337 596 389 Augustum
635 333 918 388 imprudenter
945 333 1056 377 faeta
1077 333 1191 375 Iulii
1197 332 1395 375 Caesaris
1406 333 1486 375 im-

110 396 327 448 probasse,
367 393 591 444 seduloque
636 392 799 433 cavisse.
871 391 1056 444 Sequens
1089 391 1147 431 ita
1183 392 1299 431 aulae
1336 391 1484 432 famam

110 457 235 503 atque
270 450 418 490 iudicia
460 443 641 490 Velleius
693 448 819 488 duces
865 461 1043 500 quoque
1068 447 1209 493 habuit
1251 448 1484 500 scriptores,

100 507 286 547 -maxime
312 508 476 559 poetas,
502 505 592 545 aevi
618 504 832 555 Augustei,
867 515 1000 556 neque
1028 517 1199 556 unquam
1227 516 1326 545 sane
1354 504 1482 556 magis

111 563 271 603 consilii
298 567 407 609 erat,
445 574 583 601 eorum
615 560 868 613 prudentiam
897 561 1066 608 imitari,
1098 573 1220 627 quiam
1250 561 1324 600 snb
1355 560 1481 601 Tibe-

110 632 185 667 '¹¹
224 616 1346 722 ffi⁹¹⁰⁸⁰¹5331¹3122353:²2552¹;¹¹,.1¹23”„2¹2¹:m¹”2⁹553:322
1374 616 1482 715 ξ’..ἲὲῗ

109 687 371 771 ἔξεωΤίΙιοιῗίῗι
378 686 823 781 ,sdiiudicandispipse
858 729 1015 782 prodit,
1066 687 1240 782 (11.1’91Ξ
1274 731 1344 772 97.
1382 733 1480 772 102.

111 784 227 840 121.)
256 799 309 826 ne
335 787 460 837 igitur
487 785 750 825 dubitandum
778 786 853 832 sit,
892 798 984 825 eum
1013 785 1055 824 in
1083 786 1250 837 reliquis
1279 787 1399 826 etiam
1429 797 1481 826 ex

107 843 224 883 aulae
251 842 454 882 sententia
484 854 599 882 suam
637 845 899 894 temperasse.
956 841 1002 881 ld
1038 854 1136 881 sane
1164 840 1206 880 in
1234 843 1368 882 Seiani
1397 843 1483 883 lau·

108 899 228 940 dibus
259 899 516 951 perspicuum
552 901 640 946 est,
689 899 802 938 cuius
849 897 977 950 gratia
1015 898 1121 950 apud
1160 898 1369 938 Tiberium
1405 899 1483 954 flo-

107 956 235 996 tentis
263 960 445 1007 tempora
473 967 564 994 cum
594 958 824 1006 enarraret,
860 955 1153 994 recedendum
1161 967 1240 994 non
1271 961 1359 994 erat
1387 969 1483 1007 pru-

108 1012 224 1052 denti
256 1010 446 1064 scriptori
474 1023 498 1051 a
525 1011 724 1063 Principis
755 1011 808 1051 de
836 1010 915 1051 hoc
940 1011 1105 1051 homine
1131 1011 1394 1058 indicio,e1
1412 1013 1482 1052 iu-

107 1068 212 1108 dolis
241 1080 478 1119 morumque
506 1068 592 1107 eius
617 1067 756 1120 specie
783 1071 1035 1122 temperato3
1078 1068 1186 1108 conf.
1215 1067 1348 1108 Tacit.
1376 1070 1481 1109 Anu.

108 1119 182 1166 lv
210 1127 368 1220 lluggls
395 1190 494 1219 sane
530 1162 714 1219 Tiberii
732 1182 854 1231 atque
898 1179 1017 1220 aulae
1056 1179 1166 1222 rexit
1199 1176 1403 1220 Velleium
1439 1179 1483 1220 in

108 1236 345 1287 scribendo,
383 1236 458 1275 sed
493 1247 574 1277 non
598 1248 762 1287 prorsus
791 1237 970 1289 corrupit
996 1236 1058 1277 ad
1076 1238 1255 1277 intimam
1285 1236 1483 1277 adulatio-

107 1305 228 1340 nem,
273 1297 316 1332 et
351 1305 473 1332 verae
509 1292 703 1332 historiae
744 1293 1093 1345 depravationem·
1081 1325 1095 1347 ,
1136 1294 1271 1346 potius
1306 1294 1483 1334 intendit

109 1362 228 1402 qnam
262 1348 437 1388 maxime
483 1348 570 1388 eius
627 1349 881 1401 prudentiam
927 1355 1048 1401 atque
1093 1351 1381 1399 calliditatem,
1423 1354 1484 1401 ut,

98 1418 200 1446 rcum
230 1405 358 1445 semel
385 1406 511 1444 otium
538 1417 587 1444 ac
614 1405 840 1452 silentium,
876 1418 1002 1458 opere
1028 1418 1103 1446 suo
1131 1405 1376 1460 (incertum,
1405 1419 1484 1458 qua

108 1463 265 1502 ratione
301 1462 353 1501 ad
390 1461 646 1501 scribendum
682 1462 913 1513 compulsus
940 1460 1014 1518 sit)
1050 1466 1266 1515 suscepto,
1294 1462 1483 1514 fugisset,

99 1518 290 1587 periculo
329 1530 401 1556 suo
440 1518 609 1565 evitato,
640 1516 739 1558 fidei
775 1517 1013 1566 historicae,
1052 1532 1171 1571 quam
1200 1523 1341 1571 posset
1377 1518 1481 1569 fieri,

99 1574 374 1613 satisfaceret.
431 1573 515 1613 Ubi
542 1574 649 1612 enim
677 1574 730 1614 ad
757 1572 913 1613 Tiberii
939 1575 1054 1615 initia
1081 1575 1280 1627 pervenit,
1307 1575 1481 1637 primum

111 1630 284 1669 maxime
321 1630 363 1669 in
399 1628 450 1668 iis
486 1629 698 1669 virtutibus
730 1629 942 1670 laudandis
973 1631 1177 1679 versatur,
1216 1644 1315 1682 quas
1349 1641 1482 1680 nemo,

102 1698 244 1737 vneque
266 1685 513 1737 aequalium,
541 1698 674 1737 neque
701 1687 943 1739 scriptorum
969 1687 1136 1729 serioris
1165 1688 1267 1735 aevi,
1295 1688 1364 1739 qui
1390 1700 1481 1739 gra·

110 1742 271 1781 vissime
299 1755 390 1781 eum
418 1742 634 1793 castigant,
663 1741 867 1794 denegare
892 1744 934 1782 ei
961 1756 1082 1783 ausus
1110 1746 1201 1792 est,
1236 1751 1272 1782 v.-
1302 1751 1337 1784 e.
1365 1743 1482 1795 inge-

110 1799 167 1839 nii
202 1798 340 1845 dotes,
387 1798 575 1838 virtutem
613 1798 821 1846 bellicam,
870 1806 939 1840 res
984 1798 1192 1851 praeclare
1238 1799 1481 1852 fortiterque

110 1854 218 1895 bello
246 1859 400 1906 gestas,
428 1853 670 1905 singularem
699 1854 881 1894 laborum
908 1856 1146 1908 patientiam
1178 1858 1222 1895 et
1250 1855 1480 1897 offidaro—1

109 1923 260 1958 curam,
279 1910 479 1950 duriorem
508 1911 616 1950 vitae
642 1910 908 1964 disciplinam,
926 1912 1110 1952 mollitiei
1136 1911 1396 1965 luxuriaeque
1413 1913 1480 1953 fu-

70 2012 75 2017 ,
110 1979 224 2019 gam,
259 1967 511 2019 prudentiam
542 1967 678 2014 ducis,
714 1967 1003 2009 humanitatem
1033 1981 1130 2020 erga
1157 1969 1325 2021 milites,
1364 1977 1480 2011 seve-

107 2024 269 2063 ritatem
305 2035 403 2074 erga
440 2023 604 2063 eosdem
642 2023 729 2063 miti
757 2025 972 2065 clementia
1007 2029 1299 2077 temperatam,
1338 2026 1479 2066 mode-

36 2090 41 2099 ·
109 2079 246 2127 stiam,
273 2079 428 2118 civilem
456 2081 651 2125 animum,
690 2080 989 2134 libertatisque,
1026 2086 1218 2133 quantum
1255 2081 1330 2121 sub
1348 2082 1478 2132 unius

103 2135 293 2188 auspiciis
330 2135 393 2175 fas
432 2142 542 2183 erat,
590 2137 779 2176 studium.
836 2137 928 2179 Vid.
965 2139 1146 2179 Saeton.
1168 2137 1261 2178 Tib.
1304 2141 1368 2180 18.
1406 2142 1476 2182 24.

111 2194 192 2234 26-
201 2194 269 2234 30.
298 2191 461 2243 Neque,
490 2204 592 2243 quae
621 2194 672 2232 de
694 2193 842 2233 Seiano
869 2194 1074 2247 praedicat
1105 2191 1176 2250 (11.
1194 2197 1290 2237 127.
1316 2193 1423 2248 seq.)
1449 2207 1476 2234 a

63 2281 68 2284 .
109 2248 278 2287 veritate
305 2248 546 2299 abhorrent;
574 2249 683 2288 conf.
714 2249 847 2290 Tacit.
876 2251 977 2292 Anu.
1010 2249 1081 2293 IV.
1121 2253 1160 2292 1.
1198 2263 1284 2302 seq.
1320 2250 1476 2290 Deinde

0 2293 3 2297 ’
24 2317 28 2320 ’
110 2315 207 2344 vero
234 2317 325 2344 cum
352 2311 524 2356 uterque
551 2305 696 2345 multas
724 2307 892 2347 virtutes
913 2307 1147 2347 simulanter
1166 2306 1353 2358 fingeret,
1382 2319 1479 2358 qua-

109 2373 202 2400 rum
225 2360 377 2400 vanitas
410 2366 552 2413 postea
589 2361 841 2414 deprebensa
867 2367 952 2412 est,
991 2363 1170 2404 Velleius
1206 2363 1270 2402 vel
1306 2363 1480 2415 pravita-

109 2420 194 2456 tem
222 2417 342 2456 animi
369 2430 509 2457 eorum
537 2418 778 2467 obvelatam,
805 2421 963 2487 pietate
986 2431 1085 2471 erga
1109 2419 1336 2471 Principem
1364 2431 1480 2471 prae·

111 2472 286 2524 peditus,
311 2473 418 2512 haud
446 2479 720 2526 perscrutatus
747 2477 980 2529 perspexit,
976 2477 1056 2517 vel
1083 2480 1338 2529 perspectam
1368 2475 1478 2516 haud

113 2529 291 2580 aperire,
318 2531 472 2582 potius,
502 2536 544 2570 et
570 2531 694 2583 vulgi
691 2534 842 2585 specie
869 2532 1099 2580 obcoecati,
1136 2536 1180 2571 et
1206 2532 1321 2571 aulae
1347 2531 1480 2584 Impe-

117 2584 241 2623 ratori
267 2585 457 2634 faventis,
484 2587 631 2626 iudicia
664 2589 778 2640 sequi
805 2589 965 2638 maluit,
1000 2602 1091 2629 cum
1121 2585 1332 2635 Tiberius,
1358 2600 1479 2640 quem

116 2639 202 2678 sive
237 2641 414 2691 colebat,
451 2643 535 2683 site
571 2645 806 2693 metuebat,
838 2645 939 2685 nihil
976 2646 1135 2696 aegrius
1170 2644 1326 2693 ferret,
1360 2656 1480 2696 quam

118 2694 293 2746 recludi,
331 2709 433 2748 quae
460 2706 686 2750 premeret.
695 2713 844 2741 arcana
861 2701 1071 2754 pectoris3
1110 2700 1192 2741 vid.
1217 2697 1346 2742 Tacit.
1374 2702 1479 2743 Anu.

117 2749 188 2793 lv.
219 2753 289 2794 71.
332 2754 535 2797 Abhorret
570 2756 694 2809 igitur
722 2756 910 2800 Velleius
940 2770 966 2799 a
990 2756 1284 2854 recentifirtbm
1307 2757 1479 2810 Scripto-
