<?xml version="1.0" encoding="UTF-8"?>
<!DOCTYPE html PUBLIC "-//W3C//DTD XHTML 1.0 Transitional//EN"
    "http://www.w3.org/TR/xhtml1/DTD/xhtml1-transitional.dtd">
<html xmlns="http://www.w3.org/1999/xhtml" xml:lang="en" lang="en">
 <head>
  <title>
</title>
<meta http-equiv="Content-Type" content="text/html;charset=utf-8" />
  <meta name='ocr-system' content='tesseract 3.04.00' />
  <meta name='ocr-capabilities' content='ocr_page ocr_carea ocr_par ocr_line ocrx_word'/>
</head>
<body>
  <div class='ocr_page' id='page_1' title='image "./quaesupersuntexh00velluoft_0398.png"; bbox 0 0 1728 3054; ppageno 0'>
   <div class='ocr_carea' id='block_1_1' title="bbox 224 165 1322 211">
    <p class='ocr_par' dir='ltr' id='par_1_1' title="bbox 224 165 1322 211">
     <span class='ocr_line' id='line_1_1' title="bbox 224 165 1322 211; baseline 0 -1"><span class='ocrx_word' id='word_1_1' title='bbox 224 169 312 210; x_wconf 78' lang='lat'><strong>21⁰</strong></span> <span class='ocrx_word' id='word_1_2' title='bbox 440 177 442 179; x_wconf 75' lang='grc'><strong><em>’</em></strong></span> <span class='ocrx_word' id='word_1_3' title='bbox 529 166 577 208; x_wconf 79' lang='lat' dir='ltr'><strong>G.</strong></span> <span class='ocrx_word' id='word_1_4' title='bbox 606 165 885 208; x_wconf 71' lang='lat' dir='ltr'>VELLEII</span> <span class='ocrx_word' id='word_1_5' title='bbox 927 166 1322 211; x_wconf 78' lang='lat' dir='ltr'><strong>PATERGULI</strong></span> 
     </span>
    </p>
   </div>
   <div class='ocr_carea' id='block_1_2' title="bbox 186 279 1616 1242">
    <p class='ocr_par' dir='ltr' id='par_1_2' title="bbox 186 279 1616 1242">
     <span class='ocr_line' id='line_1_2' title="bbox 227 279 1611 338; baseline 0.002 -11"><span class='ocrx_word' id='word_1_6' title='bbox 227 282 276 327; x_wconf 81' lang='lat' dir='ltr'><strong>in</strong></span> <span class='ocrx_word' id='word_1_7' title='bbox 306 279 562 325; x_wconf 78' lang='lat' dir='ltr'><strong>Antonium</strong></span> <span class='ocrx_word' id='word_1_8' title='bbox 595 281 786 326; x_wconf 85' lang='lat' dir='ltr'><strong>maiora</strong></span> <span class='ocrx_word' id='word_1_9' title='bbox 818 281 993 327; x_wconf 80' lang='lat' dir='ltr'><strong>merita</strong></span> <span class='ocrx_word' id='word_1_10' title='bbox 1025 287 1146 338; x_wconf 79' lang='lat' dir='ltr'><strong>sunt,</strong></span> <span class='ocrx_word' id='word_1_11' title='bbox 1181 283 1308 328; x_wconf 82' lang='lat' dir='ltr'><strong>illius</strong></span> <span class='ocrx_word' id='word_1_12' title='bbox 1341 283 1390 328; x_wconf 83' lang='lat' dir='ltr'><strong>in</strong></span> <span class='ocrx_word' id='word_1_13' title='bbox 1421 299 1498 330; x_wconf 88' lang='lat' dir='ltr'><strong>me</strong></span> <span class='ocrx_word' id='word_1_14' title='bbox 1529 285 1611 330; x_wconf 77' lang='lat' dir='ltr'><strong>be-</strong></span> 
     </span>
     <span class='ocr_line' id='line_1_3' title="bbox 226 349 1612 412; baseline 0.002 -17"><span class='ocrx_word' id='word_1_15' title='bbox 226 349 401 412; x_wconf 69' lang='lat' dir='ltr'><strong>neficia</strong></span> <span class='ocrx_word' id='word_1_16' title='bbox 444 349 654 395; x_wconf 79' lang='lat' dir='ltr'><strong>notiora:</strong></span> <span class='ocrx_word' id='word_1_17' title='bbox 697 350 856 411; x_wconf 80' lang='lat' dir='ltr'><strong>itaque</strong></span> <span class='ocrx_word' id='word_1_18' title='bbox 899 350 1162 396; x_wconf 77' lang='lat' dir='ltr'><strong><em>discrimini</em></strong></span> <span class='ocrx_word' id='word_1_19' title='bbox 1203 357 1359 398; x_wconf 85' lang='lat' dir='ltr'><strong>vestro</strong></span> <span class='ocrx_word' id='word_1_20' title='bbox 1391 367 1468 398; x_wconf 87' lang='lat' dir='ltr'><strong>me</strong></span> <span class='ocrx_word' id='word_1_21' title='bbox 1499 354 1612 398; x_wconf 79' lang='lat' dir='ltr'><strong>sab-</strong></span> 
     </span>
     <span class='ocr_line' id='line_1_4' title="bbox 227 418 1114 479; baseline 0.002 -16"><span class='ocrx_word' id='word_1_22' title='bbox 227 418 446 475; x_wconf 80' lang='lat' dir='ltr'><em>traham,</em></span> <span class='ocrx_word' id='word_1_23' title='bbox 492 424 538 463; x_wconf 83' lang='lat' dir='ltr'><strong>et</strong></span> <span class='ocrx_word' id='word_1_24' title='bbox 573 433 654 463; x_wconf 87' lang='lat' dir='ltr'><strong>ero</strong></span> <span class='ocrx_word' id='word_1_25' title='bbox 681 421 879 479; x_wconf 81' lang='lat' dir='ltr'><strong>praeda</strong></span> <span class='ocrx_word' id='word_1_26' title='bbox 911 420 1114 468; x_wconf 83' lang='lat' dir='ltr'><strong>victoris</strong></span> 
     </span>
     <span class='ocr_line' id='line_1_5' title="bbox 365 486 1612 549; baseline 0.002 -18"><span class='ocrx_word' id='word_1_27' title='bbox 365 486 499 532; x_wconf 87' lang='lat' dir='ltr'><strong>CAP.</strong></span> <span class='ocrx_word' id='word_1_28' title='bbox 534 488 808 533; x_wconf 87' lang='lat' dir='ltr'><strong>LXXXVII.</strong></span> <span class='ocrx_word' id='word_1_29' title='bbox 861 489 1073 534; x_wconf 86' lang='lat' dir='ltr'><strong>Proximo</strong></span> <span class='ocrx_word' id='word_1_30' title='bbox 1115 488 1281 533; x_wconf 89' lang='lat' dir='ltr'><strong>deinde</strong></span> <span class='ocrx_word' id='word_1_31' title='bbox 1317 503 1455 546; x_wconf 83' lang='lat' dir='ltr'><strong>anno,</strong></span> <span class='ocrx_word' id='word_1_32' title='bbox 1502 505 1612 549; x_wconf 87' lang='lat' dir='ltr'><strong>per-</strong></span> 
     </span>
     <span class='ocr_line' id='line_1_6' title="bbox 225 557 1615 617; baseline 0.002 -18"><span class='ocrx_word' id='word_1_33' title='bbox 225 561 402 600; x_wconf 85' lang='lat' dir='ltr'><strong>secutus</strong></span> <span class='ocrx_word' id='word_1_34' title='bbox 445 557 650 616; x_wconf 83' lang='lat' dir='ltr'>reginam</span> <span class='ocrx_word' id='word_1_35' title='bbox 702 558 1038 617; x_wconf 82' lang='lat' dir='ltr'><strong>Antoniumque</strong></span> <span class='ocrx_word' id='word_1_36' title='bbox 1090 557 1448 616; x_wconf 82' lang='lat' dir='ltr'>Alexandream,</span> <span class='ocrx_word' id='word_1_37' title='bbox 1506 559 1615 602; x_wconf 86' lang='lat' dir='ltr'><strong>ulti-</strong></span> 
     </span>
     <span class='ocr_line' id='line_1_7' title="bbox 225 594 1616 688; baseline 0.002 -20"><span class='ocrx_word' id='word_1_38' title='bbox 225 639 347 668; x_wconf 91' lang='lat' dir='ltr'><strong>mam</strong></span> <span class='ocrx_word' id='word_1_39' title='bbox 382 625 513 669; x_wconf 87' lang='lat' dir='ltr'><strong>bellis</strong></span> <span class='ocrx_word' id='word_1_40' title='bbox 549 626 751 671; x_wconf 87' lang='lat' dir='ltr'><strong>civilibus</strong></span> <span class='ocrx_word' id='word_1_41' title='bbox 785 628 997 688; x_wconf 81' lang='lat' dir='ltr'><strong>imposuit</strong></span> <span class='ocrx_word' id='word_1_42' title='bbox 1041 642 1235 672; x_wconf 87' lang='lat' dir='ltr'><strong>manum.</strong></span> <span class='ocrx_word' id='word_1_43' title='bbox 1305 594 1524 673; x_wconf 67' lang='lat' dir='ltr'><strong>Antonius</strong></span> <span class='ocrx_word' id='word_1_44' title='bbox 1568 642 1616 672; x_wconf 87' lang='lat' dir='ltr'><strong>se</strong></span> 
     </span>
     <span class='ocr_line' id='line_1_8' title="bbox 225 693 1613 755; baseline 0.004 -19"><span class='ocrx_word' id='word_1_45' title='bbox 225 693 323 752; x_wconf 88' lang='lat' dir='ltr'><strong>ipse</strong></span> <span class='ocrx_word' id='word_1_46' title='bbox 357 709 447 738; x_wconf 89' lang='lat' dir='ltr'><strong>non</strong></span> <span class='ocrx_word' id='word_1_47' title='bbox 483 697 679 755; x_wconf 85' lang='lat' dir='ltr'><strong>segniter</strong></span> <span class='ocrx_word' id='word_1_48' title='bbox 725 698 967 755; x_wconf 83' lang='lat' dir='ltr'><strong>interemit,</strong></span> <span class='ocrx_word' id='word_1_49' title='bbox 1005 697 1121 740; x_wconf 89' lang='lat' dir='ltr'><strong>adeo</strong></span> <span class='ocrx_word' id='word_1_50' title='bbox 1157 703 1206 740; x_wconf 88' lang='lat' dir='ltr'><strong>ut</strong></span> <span class='ocrx_word' id='word_1_51' title='bbox 1239 697 1380 740; x_wconf 89' lang='lat' dir='ltr'><strong>multa</strong></span> <span class='ocrx_word' id='word_1_52' title='bbox 1414 696 1613 742; x_wconf 83' lang='lat' dir='ltr'><strong>desidiae</strong></span> 
     </span>
     <span class='ocr_line' id='line_1_9' title="bbox 226 762 1613 825; baseline 0.001 -17"><span class='ocrx_word' id='word_1_53' title='bbox 226 762 413 808; x_wconf 84' lang='lat' dir='ltr'><strong>erimina</strong></span> <span class='ocrx_word' id='word_1_54' title='bbox 453 771 599 809; x_wconf 90' lang='lat' dir='ltr'><strong>morte</strong></span> <span class='ocrx_word' id='word_1_55' title='bbox 643 765 898 810; x_wconf 86' lang='lat' dir='ltr'><strong>redimeret.</strong></span> <span class='ocrx_word' id='word_1_56' title='bbox 977 768 1041 811; x_wconf 92' lang='lat' dir='ltr'><strong>At</strong></span> <span class='ocrx_word' id='word_1_57' title='bbox 1083 765 1354 825; x_wconf 82' lang='lat' dir='ltr'><strong>Cleopatra,</strong></span> <span class='ocrx_word' id='word_1_58' title='bbox 1397 765 1613 810; x_wconf 77' lang='lat' dir='ltr'><strong>frustratis</strong></span> 
     </span>
     <span class='ocr_line' id='line_1_10' title="bbox 228 830 1613 894; baseline 0.003 -19"><span class='ocrx_word' id='word_1_59' title='bbox 228 832 510 891; x_wconf 79' lang='lat' dir='ltr'><strong>custodibus,</strong></span> <span class='ocrx_word' id='word_1_60' title='bbox 556 834 694 878; x_wconf 87' lang='lat' dir='ltr'><strong>inlata</strong></span> <span class='ocrx_word' id='word_1_61' title='bbox 738 830 930 893; x_wconf 66' lang='lat' dir='ltr'><strong>aspide,⁴</strong></span> <span class='ocrx_word' id='word_1_62' title='bbox 961 850 1113 879; x_wconf 88' lang='lat' dir='ltr'><strong>morsu</strong></span> <span class='ocrx_word' id='word_1_63' title='bbox 1147 850 1251 879; x_wconf 86' lang='lat' dir='ltr'><strong>sane</strong></span> <span class='ocrx_word' id='word_1_64' title='bbox 1292 835 1404 890; x_wconf 89' lang='lat' dir='ltr'><strong>eius,</strong></span> <span class='ocrx_word' id='word_1_65' title='bbox 1453 850 1613 894; x_wconf 82' lang='lat' dir='ltr'>expers</span> 
     </span>
     <span class='ocr_line' id='line_1_11' title="bbox 186 901 1612 962; baseline 0.004 -19"><span class='ocrx_word' id='word_1_66' title='bbox 186 901 458 949; x_wconf 83' lang='lat' dir='ltr'><strong>2muliebris</strong></span> <span class='ocrx_word' id='word_1_67' title='bbox 489 910 654 957; x_wconf 83' lang='lat' dir='ltr'><strong>metus,</strong></span> <span class='ocrx_word' id='word_1_68' title='bbox 692 904 897 962; x_wconf 86' lang='lat' dir='ltr'><strong>spiritum</strong></span> <span class='ocrx_word' id='word_1_69' title='bbox 927 903 1139 948; x_wconf 84' lang='lat' dir='ltr'><strong>reddidit.</strong></span> <span class='ocrx_word' id='word_1_70' title='bbox 1209 903 1404 961; x_wconf 90' lang='lat' dir='ltr'><strong>Fuitque</strong></span> <span class='ocrx_word' id='word_1_71' title='bbox 1434 911 1478 948; x_wconf 87' lang='lat' dir='ltr'><strong>et</strong></span> <span class='ocrx_word' id='word_1_72' title='bbox 1512 905 1612 948; x_wconf 87' lang='lat' dir='ltr'><strong>for-</strong></span> 
     </span>
     <span class='ocr_line' id='line_1_12' title="bbox 225 971 1611 1033; baseline 0.003 -20"><span class='ocrx_word' id='word_1_73' title='bbox 225 976 332 1014; x_wconf 87' lang='lat' dir='ltr'><strong>tuna</strong></span> <span class='ocrx_word' id='word_1_74' title='bbox 363 976 408 1014; x_wconf 85' lang='lat' dir='ltr'><strong>et</strong></span> <span class='ocrx_word' id='word_1_75' title='bbox 446 971 681 1016; x_wconf 87' lang='lat' dir='ltr'><strong>clementia</strong></span> <span class='ocrx_word' id='word_1_76' title='bbox 723 972 924 1018; x_wconf 83' lang='lat' dir='ltr'><strong>Caesaris</strong></span> <span class='ocrx_word' id='word_1_77' title='bbox 966 972 1178 1033; x_wconf 87' lang='lat' dir='ltr'><strong>dignum,</strong></span> <span class='ocrx_word' id='word_1_78' title='bbox 1214 973 1342 1031; x_wconf 89' lang='lat' dir='ltr'><strong>quod</strong></span> <span class='ocrx_word' id='word_1_79' title='bbox 1379 987 1512 1017; x_wconf 90' lang='lat' dir='ltr'><strong>nemo</strong></span> <span class='ocrx_word' id='word_1_80' title='bbox 1555 987 1611 1017; x_wconf 79' lang='lat' dir='ltr'><strong>ex</strong></span> 
     </span>
     <span class='ocr_line' id='line_1_13' title="bbox 225 1038 1610 1099; baseline 0.003 -17"><span class='ocrx_word' id='word_1_81' title='bbox 225 1038 319 1095; x_wconf 86' lang='lat' dir='ltr'><strong>his,</strong></span> <span class='ocrx_word' id='word_1_82' title='bbox 355 1039 433 1098; x_wconf 92' lang='lat' dir='ltr'><strong>qui</strong></span> <span class='ocrx_word' id='word_1_83' title='bbox 468 1047 624 1086; x_wconf 88' lang='lat' dir='ltr'><strong>contra</strong></span> <span class='ocrx_word' id='word_1_84' title='bbox 663 1057 768 1086; x_wconf 88' lang='lat' dir='ltr'><strong>eum</strong></span> <span class='ocrx_word' id='word_1_85' title='bbox 801 1057 926 1086; x_wconf 84' lang='lat' dir='ltr'><strong>arma</strong></span> <span class='ocrx_word' id='word_1_86' title='bbox 962 1043 1175 1099; x_wconf 87' lang='lat' dir='ltr'><strong>tulerant,</strong></span> <span class='ocrx_word' id='word_1_87' title='bbox 1222 1042 1280 1086; x_wconf 91' lang='lat' dir='ltr'><strong>ab</strong></span> <span class='ocrx_word' id='word_1_88' title='bbox 1314 1056 1392 1098; x_wconf 84' lang='lat' dir='ltr'><strong>eo,</strong></span> <span class='ocrx_word' id='word_1_89' title='bbox 1437 1041 1610 1086; x_wconf 81' lang='lat' dir='ltr'><strong>iussuve</strong></span> 
     </span>
     <span class='ocr_line' id='line_1_14' title="bbox 225 1108 1610 1170; baseline 0.003 -20"><span class='ocrx_word' id='word_1_90' title='bbox 225 1108 342 1165; x_wconf 82' lang='lat' dir='ltr'><strong>eius,</strong></span> <span class='ocrx_word' id='word_1_91' title='bbox 385 1109 690 1170; x_wconf 88' lang='lat' dir='ltr'><strong>interemptus.</strong></span> <span class='ocrx_word' id='word_1_92' title='bbox 726 1111 784 1155; x_wconf 90' lang='lat' dir='ltr'><strong>D.</strong></span> <span class='ocrx_word' id='word_1_93' title='bbox 818 1111 1011 1156; x_wconf 86' lang='lat' dir='ltr'><strong>Brutum</strong></span> <span class='ocrx_word' id='word_1_94' title='bbox 1046 1110 1229 1155; x_wconf 87' lang='lat' dir='ltr'><strong>Antonii</strong></span> <span class='ocrx_word' id='word_1_95' title='bbox 1257 1110 1478 1155; x_wconf 88' lang='lat' dir='ltr'><strong>interemit</strong></span> <span class='ocrx_word' id='word_1_96' title='bbox 1505 1125 1610 1155; x_wconf 91' lang='lat' dir='ltr'><strong>cru-</strong></span> 
     </span>
     <span class='ocr_line' id='line_1_15' title="bbox 225 1177 1610 1242; baseline 0.003 -21"><span class='ocrx_word' id='word_1_97' title='bbox 225 1177 395 1223; x_wconf 86' lang='lat' dir='ltr'><strong>delitas.</strong></span> <span class='ocrx_word' id='word_1_98' title='bbox 466 1178 570 1225; x_wconf 83' lang='lat' dir='ltr'><strong>Sex.</strong></span> <span class='ocrx_word' id='word_1_99' title='bbox 612 1180 913 1240; x_wconf 82' lang='lat' dir='ltr'><strong>Pompeium,</strong></span> <span class='ocrx_word' id='word_1_100' title='bbox 973 1180 1031 1225; x_wconf 92' lang='lat' dir='ltr'><strong>ab</strong></span> <span class='ocrx_word' id='word_1_101' title='bbox 1079 1194 1135 1224; x_wconf 92' lang='lat' dir='ltr'><strong>eo</strong></span> <span class='ocrx_word' id='word_1_102' title='bbox 1187 1179 1440 1242; x_wconf 88' lang='lat' dir='ltr'><strong>devictum,</strong></span> <span class='ocrx_word' id='word_1_103' title='bbox 1485 1179 1610 1225; x_wconf 89' lang='lat' dir='ltr'><strong>idem</strong></span> 
     </span>
    </p>
   </div>
   <div class='ocr_carea' id='block_1_3' title="bbox 221 1320 1610 1598">
    <p class='ocr_par' dir='ltr' id='par_1_3' title="bbox 221 1320 1610 1598">
     <span class='ocr_line' id='line_1_16' title="bbox 270 1320 1610 1368; baseline 0.003 -14"><span class='ocrx_word' id='word_1_104' title='bbox 270 1322 304 1364; x_wconf 67' lang='grc' dir='ltr'><strong>ἓ.</strong></span> <span class='ocrx_word' id='word_1_105' title='bbox 338 1320 374 1358; x_wconf 71' lang='lat'><strong>4.</strong></span> <span class='ocrx_word' id='word_1_106' title='bbox 415 1321 607 1356; x_wconf 74' lang='lat' dir='ltr'><strong>discrimini</strong></span> <span class='ocrx_word' id='word_1_107' title='bbox 643 1326 770 1357; x_wconf 75' lang='lat' dir='ltr'><strong>vestro.</strong></span> <span class='ocrx_word' id='word_1_108' title='bbox 811 1322 886 1356; x_wconf 85' lang='lat' dir='ltr'><strong>Re-</strong></span> <span class='ocrx_word' id='word_1_109' title='bbox 949 1321 1107 1366; x_wconf 78' lang='lat' dir='ltr'><strong>Interpp.</strong></span> <span class='ocrx_word' id='word_1_110' title='bbox 1139 1323 1184 1357; x_wconf 83' lang='lat' dir='ltr'><strong>ad</strong></span> <span class='ocrx_word' id='word_1_111' title='bbox 1214 1323 1252 1356; x_wconf 87' lang='lat' dir='ltr'><strong>h.</strong></span> <span class='ocrx_word' id='word_1_112' title='bbox 1283 1323 1308 1357; x_wconf 89' lang='lat' dir='ltr'><strong>l.</strong></span> <span class='ocrx_word' id='word_1_113' title='bbox 1341 1325 1376 1358; x_wconf 83' lang='lat' dir='ltr'><strong>et</strong></span> <span class='ocrx_word' id='word_1_114' title='bbox 1398 1334 1488 1368; x_wconf 80' lang='lat' dir='ltr'><strong>quae</strong></span> <span class='ocrx_word' id='word_1_115' title='bbox 1508 1326 1610 1358; x_wconf 79' lang='lat' dir='ltr'><strong>nota-</strong></span> 
     </span>
     <span class='ocr_line' id='line_1_17' title="bbox 223 1367 1340 1411; baseline 0 -9"><span class='ocrx_word' id='word_1_116' title='bbox 223 1367 379 1411; x_wconf 80' lang='lat' dir='ltr'><strong>cepimus</strong></span> <span class='ocrx_word' id='word_1_117' title='bbox 427 1368 581 1402; x_wconf 82' lang='lat' dir='ltr'><strong>Aeidalii</strong></span> <span class='ocrx_word' id='word_1_118' title='bbox 620 1369 882 1403; x_wconf 80' lang='lat' dir='ltr'><strong>correctionem.</strong></span> <span class='ocrx_word' id='word_1_119' title='bbox 950 1368 1068 1402; x_wconf 79' lang='lat' dir='ltr'><strong>vimus</strong></span> <span class='ocrx_word' id='word_1_120' title='bbox 1093 1368 1137 1402; x_wconf 83' lang='lat' dir='ltr'><strong>ad</strong></span> <span class='ocrx_word' id='word_1_121' title='bbox 1158 1369 1204 1402; x_wconf 89' lang='lat'><strong>11.</strong></span> <span class='ocrx_word' id='word_1_122' title='bbox 1230 1368 1286 1402; x_wconf 82' lang='lat'><strong>69.</strong></span> <span class='ocrx_word' id='word_1_123' title='bbox 1306 1368 1340 1402; x_wconf 86' lang='lat'><strong>2.</strong></span> 
     </span>
     <span class='ocr_line' id='line_1_18' title="bbox 221 1413 1610 1459; baseline 0.002 -12"><span class='ocrx_word' id='word_1_124' title='bbox 221 1413 318 1448; x_wconf 81' lang='lat' dir='ltr'><strong>Edit.</strong></span> <span class='ocrx_word' id='word_1_125' title='bbox 342 1425 395 1458; x_wconf 87' lang='lat' dir='ltr'><strong>pr.</strong></span> <span class='ocrx_word' id='word_1_126' title='bbox 421 1415 619 1449; x_wconf 82' lang='lat' dir='ltr'><strong>discrimine</strong></span> <span class='ocrx_word' id='word_1_127' title='bbox 641 1421 765 1449; x_wconf 83' lang='lat' dir='ltr'><strong>vestro.</strong></span> <span class='ocrx_word' id='word_1_128' title='bbox 791 1415 884 1459; x_wconf 85' lang='lat' dir='ltr'><strong>quod</strong></span> <span class='ocrx_word' id='word_1_129' title='bbox 998 1414 1112 1448; x_wconf 84' lang='lat' dir='ltr'><strong>multa</strong></span> <span class='ocrx_word' id='word_1_130' title='bbox 1135 1415 1291 1449; x_wconf 79' lang='lat' dir='ltr'><strong>desidiae</strong></span> <span class='ocrx_word' id='word_1_131' title='bbox 1324 1415 1470 1449; x_wconf 83' lang='lat' dir='ltr'><strong>crimina</strong></span> <span class='ocrx_word' id='word_1_132' title='bbox 1501 1420 1610 1450; x_wconf 85' lang='lat' dir='ltr'><strong>morte</strong></span> 
     </span>
     <span class='ocr_line' id='line_1_19' title="bbox 221 1460 1609 1506; baseline 0 -11"><span class='ocrx_word' id='word_1_133' title='bbox 221 1460 448 1495; x_wconf 79' lang='lat' dir='ltr'><strong>Burmannus</strong></span> <span class='ocrx_word' id='word_1_134' title='bbox 483 1461 612 1495; x_wconf 75' lang='lat' dir='ltr'><strong>frustra</strong></span> <span class='ocrx_word' id='word_1_135' title='bbox 654 1462 808 1496; x_wconf 84' lang='lat' dir='ltr'><strong>defendit</strong></span> <span class='ocrx_word' id='word_1_136' title='bbox 840 1472 885 1495; x_wconf 85' lang='lat' dir='ltr'><strong>ex</strong></span> <span class='ocrx_word' id='word_1_137' title='bbox 950 1461 1145 1496; x_wconf 81' lang='lat' dir='ltr'><strong>redimeret.</strong></span> <span class='ocrx_word' id='word_1_138' title='bbox 1189 1462 1341 1506; x_wconf 82' lang='lat' dir='ltr'><strong>Elegans</strong></span> <span class='ocrx_word' id='word_1_139' title='bbox 1374 1461 1528 1503; x_wconf 87' lang='lat' dir='ltr'><strong>locutio,</strong></span> <span class='ocrx_word' id='word_1_140' title='bbox 1572 1462 1609 1496; x_wconf 83' lang='lat' dir='ltr'><strong>in</strong></span> 
     </span>
     <span class='ocr_line' id='line_1_20' title="bbox 221 1506 1607 1553; baseline 0.001 -13"><span class='ocrx_word' id='word_1_141' title='bbox 221 1507 322 1552; x_wconf 85' lang='lat' dir='ltr'><strong>Virg.</strong></span> <span class='ocrx_word' id='word_1_142' title='bbox 354 1507 439 1542; x_wconf 80' lang='lat' dir='ltr'><strong>Aen.</strong></span> <span class='ocrx_word' id='word_1_143' title='bbox 477 1507 536 1541; x_wconf 76' lang='lat' dir='ltr'><strong>vl.</strong></span> <span class='ocrx_word' id='word_1_144' title='bbox 570 1506 650 1542; x_wconf 79' lang='lat'>465.</span> <span class='ocrx_word' id='word_1_145' title='bbox 685 1514 786 1553; x_wconf 82' lang='lat' dir='ltr'><strong>teque</strong></span> <span class='ocrx_word' id='word_1_146' title='bbox 818 1509 884 1542; x_wconf 86' lang='lat' dir='ltr'><strong>ad·</strong></span> <span class='ocrx_word' id='word_1_147' title='bbox 949 1518 1020 1551; x_wconf 83' lang='lat' dir='ltr'><strong>qua</strong></span> <span class='ocrx_word' id='word_1_148' title='bbox 1043 1508 1212 1541; x_wconf 83' lang='lat' dir='ltr'><strong>redimere</strong></span> <span class='ocrx_word' id='word_1_149' title='bbox 1236 1513 1287 1542; x_wconf 84' lang='lat' dir='ltr'><strong>est</strong></span> <span class='ocrx_word' id='word_1_150' title='bbox 1309 1519 1466 1552; x_wconf 82' lang='lat' dir='ltr'><strong>pensare</strong></span> <span class='ocrx_word' id='word_1_151' title='bbox 1508 1508 1607 1550; x_wconf 80' lang='lat' dir='ltr'><strong>Vide,</strong></span> 
     </span>
     <span class='ocr_line' id='line_1_21' title="bbox 222 1553 1609 1598; baseline 0.001 -11"><span class='ocrx_word' id='word_1_152' title='bbox 222 1558 341 1598; x_wconf 82' lang='lat' dir='ltr'><strong>spectu</strong></span> <span class='ocrx_word' id='word_1_153' title='bbox 372 1565 416 1587; x_wconf 84' lang='lat' dir='ltr'><strong>ne</strong></span> <span class='ocrx_word' id='word_1_154' title='bbox 449 1555 615 1588; x_wconf 83' lang='lat' dir='ltr'><strong>subtrahe</strong></span> <span class='ocrx_word' id='word_1_155' title='bbox 646 1560 774 1592; x_wconf 81' lang='lat' dir='ltr'><strong>nostro.</strong></span> <span class='ocrx_word' id='word_1_156' title='bbox 820 1553 883 1589; x_wconf 86' lang='lat' dir='ltr'><strong>ubi</strong></span> <span class='ocrx_word' id='word_1_157' title='bbox 948 1558 1088 1597; x_wconf 79' lang='lat' dir='ltr'><strong>praeter</strong></span> <span class='ocrx_word' id='word_1_158' title='bbox 1117 1555 1269 1598; x_wconf 77' lang='lat' dir='ltr'><strong>Inter-pp.</strong></span> <span class='ocrx_word' id='word_1_159' title='bbox 1311 1555 1355 1588; x_wconf 86' lang='lat' dir='ltr'><strong>ad</strong></span> <span class='ocrx_word' id='word_1_160' title='bbox 1390 1554 1433 1588; x_wconf 90' lang='lat' dir='ltr'><strong>h.</strong></span> <span class='ocrx_word' id='word_1_161' title='bbox 1459 1555 1484 1588; x_wconf 89' lang='lat'><strong>1.</strong></span> <span class='ocrx_word' id='word_1_162' title='bbox 1515 1555 1609 1588; x_wconf 84' lang='lat' dir='ltr'><strong>Gro-</strong></span> 
     </span>
    </p>
   </div>
   <div class='ocr_carea' id='block_1_4' title="bbox 223 1599 1609 1682">
    <p class='ocr_par' dir='ltr' id='par_1_4' title="bbox 223 1599 1609 1682">
     <span class='ocr_line' id='line_1_22' title="bbox 223 1599 1608 1646; baseline 0 -12"><span class='ocrx_word' id='word_1_163' title='bbox 223 1601 390 1645; x_wconf 77' lang='lat' dir='ltr'><strong>adspectu</strong></span> <span class='ocrx_word' id='word_1_164' title='bbox 413 1604 465 1635; x_wconf 77' lang='lat' dir='ltr'><strong>est</strong></span> <span class='ocrx_word' id='word_1_165' title='bbox 487 1600 628 1636; x_wconf 82' lang='lat' dir='ltr'><strong>dativus</strong></span> <span class='ocrx_word' id='word_1_166' title='bbox 651 1601 826 1646; x_wconf 79' lang='lat' dir='ltr'><strong>antiquus.</strong></span> <span class='ocrx_word' id='word_1_167' title='bbox 951 1600 1096 1633; x_wconf 83' lang='lat' dir='ltr'><strong>noviom</strong></span> <span class='ocrx_word' id='word_1_168' title='bbox 1129 1601 1172 1633; x_wconf 86' lang='lat' dir='ltr'><strong>ad</strong></span> <span class='ocrx_word' id='word_1_169' title='bbox 1205 1600 1325 1634; x_wconf 90' lang='lat' dir='ltr'><strong>Senec.</strong></span> <span class='ocrx_word' id='word_1_170' title='bbox 1357 1599 1500 1635; x_wconf 78' lang='lat' dir='ltr'><strong>Suasor.</strong></span> <span class='ocrx_word' id='word_1_171' title='bbox 1525 1611 1608 1645; x_wconf 83' lang='lat' dir='ltr'><strong>pag.</strong></span> 
     </span>
     <span class='ocr_line' id='line_1_23' title="bbox 950 1644 1609 1682; baseline 0.003 -3"><span class='ocrx_word' id='word_1_172' title='bbox 950 1644 1008 1679; x_wconf 87' lang='grc'><strong>47.</strong></span> <span class='ocrx_word' id='word_1_173' title='bbox 1038 1651 1074 1680; x_wconf 82' lang='lat' dir='ltr'><strong>et</strong></span> <span class='ocrx_word' id='word_1_174' title='bbox 1096 1645 1336 1681; x_wconf 83' lang='lat' dir='ltr'><strong>Schwarzium</strong></span> <span class='ocrx_word' id='word_1_175' title='bbox 1356 1648 1402 1681; x_wconf 77' lang='lat' dir='ltr'><strong>ad</strong></span> <span class='ocrx_word' id='word_1_176' title='bbox 1425 1647 1518 1682; x_wconf 84' lang='lat' dir='ltr'><strong>Plin.</strong></span> <span class='ocrx_word' id='word_1_177' title='bbox 1538 1648 1609 1682; x_wconf 79' lang='lat' dir='ltr'><strong>Pa-</strong></span> 
     </span>
    </p>
   </div>
   <div class='ocr_carea' id='block_1_5' title="bbox 212 1691 1608 2340">
    <p class='ocr_par' dir='ltr' id='par_1_5' title="bbox 212 1691 1608 2340">
     <span class='ocr_line' id='line_1_24' title="bbox 270 1691 1113 1738; baseline 0.001 -13"><span class='ocrx_word' id='word_1_178' title='bbox 270 1696 305 1725; x_wconf 84' lang='lat' dir='ltr'><strong>et</strong></span> <span class='ocrx_word' id='word_1_179' title='bbox 345 1702 402 1726; x_wconf 86' lang='lat' dir='ltr'><strong>cro</strong></span> <span class='ocrx_word' id='word_1_180' title='bbox 443 1691 580 1737; x_wconf 82' lang='lat' dir='ltr'><strong>praeda</strong></span> <span class='ocrx_word' id='word_1_181' title='bbox 613 1693 763 1728; x_wconf 77' lang='lat' dir='ltr'><strong>victoris.</strong></span> <span class='ocrx_word' id='word_1_182' title='bbox 803 1692 884 1727; x_wconf 86' lang='lat' dir='ltr'><strong>Hoc</strong></span> <span class='ocrx_word' id='word_1_183' title='bbox 948 1703 1030 1738; x_wconf 82' lang='lat' dir='ltr'><strong>neg.</strong></span> <span class='ocrx_word' id='word_1_184' title='bbox 1054 1692 1113 1727; x_wconf 89' lang='lat'><strong>²8.</strong></span> 
     </span>
     <span class='ocr_line' id='line_1_25' title="bbox 220 1738 1608 1783; baseline 0.003 -13"><span class='ocrx_word' id='word_1_185' title='bbox 220 1739 317 1771; x_wconf 80' lang='lat' dir='ltr'><strong>velut</strong></span> <span class='ocrx_word' id='word_1_186' title='bbox 349 1749 392 1771; x_wconf 87' lang='lat' dir='ltr'><strong>ex</strong></span> <span class='ocrx_word' id='word_1_187' title='bbox 426 1738 589 1783; x_wconf 76' lang='lat' dir='ltr'><strong>legitima</strong></span> <span class='ocrx_word' id='word_1_188' title='bbox 613 1741 769 1774; x_wconf 80' lang='lat' dir='ltr'><strong>formula</strong></span> <span class='ocrx_word' id='word_1_189' title='bbox 793 1739 880 1773; x_wconf 86' lang='lat' dir='ltr'><strong>dici-</strong></span> <span class='ocrx_word' id='word_1_190' title='bbox 997 1751 1112 1773; x_wconf 83' lang='lat' dir='ltr'><strong>morsa</strong></span> <span class='ocrx_word' id='word_1_191' title='bbox 1135 1750 1219 1772; x_wconf 85' lang='lat' dir='ltr'><strong>sane</strong></span> <span class='ocrx_word' id='word_1_192' title='bbox 1243 1739 1326 1774; x_wconf 79' lang='lat' dir='ltr'><strong>eius.</strong></span> <span class='ocrx_word' id='word_1_193' title='bbox 1353 1740 1514 1783; x_wconf 80' lang='lat' dir='ltr'><strong>Exempl.</strong></span> <span class='ocrx_word' id='word_1_194' title='bbox 1538 1742 1608 1774; x_wconf 85' lang='lat' dir='ltr'><strong>vet.</strong></span> 
     </span>
     <span class='ocr_line' id='line_1_26' title="bbox 219 1783 1608 1832; baseline 0.001 -15"><span class='ocrx_word' id='word_1_195' title='bbox 219 1787 287 1818; x_wconf 84' lang='lat' dir='ltr'><strong>tur.</strong></span> <span class='ocrx_word' id='word_1_196' title='bbox 314 1783 390 1818; x_wconf 82' lang='lat' dir='ltr'><strong>Liv.</strong></span> <span class='ocrx_word' id='word_1_197' title='bbox 414 1786 558 1820; x_wconf 77' lang='lat' dir='ltr'><strong>xxxn.</strong></span> <span class='ocrx_word' id='word_1_198' title='bbox 586 1786 644 1820; x_wconf 88' lang='grc'><strong>21.</strong></span> <span class='ocrx_word' id='word_1_199' title='bbox 670 1787 753 1832; x_wconf 80' lang='lat' dir='ltr'><strong>quid</strong></span> <span class='ocrx_word' id='word_1_200' title='bbox 777 1786 883 1829; x_wconf 15' lang='lat' dir='ltr'><strong>*aliud</strong></span> <span class='ocrx_word' id='word_1_201' title='bbox 948 1785 1075 1819; x_wconf 82' lang='lat' dir='ltr'><strong>habet:</strong></span> <span class='ocrx_word' id='word_1_202' title='bbox 1116 1786 1230 1820; x_wconf 80' lang='lat' dir='ltr'><strong>inlata</strong></span> <span class='ocrx_word' id='word_1_203' title='bbox 1261 1786 1387 1830; x_wconf 81' lang='lat' dir='ltr'><strong>aspide</strong></span> <span class='ocrx_word' id='word_1_204' title='bbox 1416 1786 1454 1820; x_wconf 90' lang='lat' dir='ltr'><strong>in</strong></span> <span class='ocrx_word' id='word_1_205' title='bbox 1493 1797 1608 1820; x_wconf 75' lang='lat' dir='ltr'><strong>morsu</strong></span> 
     </span>
     <span class='ocr_line' id='line_1_27' title="bbox 220 1832 1608 1874; baseline 0.001 -11"><span class='ocrx_word' id='word_1_206' title='bbox 220 1841 324 1874; x_wconf 87' lang='lat' dir='ltr'><strong>quam</strong></span> <span class='ocrx_word' id='word_1_207' title='bbox 346 1832 484 1874; x_wconf 80' lang='lat' dir='ltr'><strong>praeda</strong></span> <span class='ocrx_word' id='word_1_208' title='bbox 506 1834 646 1867; x_wconf 81' lang='lat' dir='ltr'><strong>victoris</strong></span> <span class='ocrx_word' id='word_1_209' title='bbox 669 1832 795 1866; x_wconf 79' lang='lat' dir='ltr'><strong>eritis?</strong></span> <span class='ocrx_word' id='word_1_210' title='bbox 814 1834 881 1866; x_wconf 83' lang='lat' dir='ltr'><strong>Va·</strong></span> <span class='ocrx_word' id='word_1_211' title='bbox 949 1843 1035 1865; x_wconf 81' lang='lat' dir='ltr'><strong>sane</strong></span> <span class='ocrx_word' id='word_1_212' title='bbox 1060 1832 1132 1864; x_wconf 84' lang='lat' dir='ltr'><strong>eius</strong></span> <span class='ocrx_word' id='word_1_213' title='bbox 1155 1837 1220 1865; x_wconf 90' lang='lat' dir='ltr'><strong>etc.</strong></span> <span class='ocrx_word' id='word_1_214' title='bbox 1243 1832 1384 1867; x_wconf 70' lang='lat' dir='ltr'><strong>Bonna.</strong></span> <span class='ocrx_word' id='word_1_215' title='bbox 1419 1834 1521 1866; x_wconf 86' lang='lat' dir='ltr'><strong>Certa</strong></span> <span class='ocrx_word' id='word_1_216' title='bbox 1544 1843 1608 1865; x_wconf 86' lang='lat' dir='ltr'><strong>no—</strong></span> 
     </span>
     <span class='ocr_line' id='line_1_28' title="bbox 218 1876 1606 1919; baseline 0.001 -10"><span class='ocrx_word' id='word_1_217' title='bbox 218 1876 283 1910; x_wconf 87' lang='lat' dir='ltr'><strong>ler.</strong></span> <span class='ocrx_word' id='word_1_218' title='bbox 317 1877 413 1910; x_wconf 82' lang='lat' dir='ltr'><strong>Max.</strong></span> <span class='ocrx_word' id='word_1_219' title='bbox 453 1877 494 1912; x_wconf 88' lang='lat' dir='ltr'><strong>V.</strong></span> <span class='ocrx_word' id='word_1_220' title='bbox 540 1878 575 1912; x_wconf 90' lang='grc'><strong>6.</strong></span> <span class='ocrx_word' id='word_1_221' title='bbox 609 1879 644 1915; x_wconf 86' lang='grc'><strong>7.</strong></span> <span class='ocrx_word' id='word_1_222' title='bbox 687 1891 764 1913; x_wconf 85' lang='lat' dir='ltr'><strong>cum</strong></span> <span class='ocrx_word' id='word_1_223' title='bbox 800 1879 882 1913; x_wconf 80' lang='lat' dir='ltr'><strong>urbs</strong></span> <span class='ocrx_word' id='word_1_224' title='bbox 948 1878 1004 1911; x_wconf 82' lang='lat' dir='ltr'><strong>bis</strong></span> <span class='ocrx_word' id='word_1_225' title='bbox 1027 1877 1165 1911; x_wconf 82' lang='lat' dir='ltr'><strong>videtur</strong></span> <span class='ocrx_word' id='word_1_226' title='bbox 1187 1878 1338 1911; x_wconf 82' lang='lat' dir='ltr'><strong>Acidalii</strong></span> <span class='ocrx_word' id='word_1_227' title='bbox 1361 1877 1473 1919; x_wconf 85' lang='lat' dir='ltr'><strong>ratio,</strong></span> <span class='ocrx_word' id='word_1_228' title='bbox 1498 1879 1606 1912; x_wconf 81' lang='lat' dir='ltr'><strong>verba</strong></span> 
     </span>
     <span class='ocr_line' id='line_1_29' title="bbox 219 1923 1605 1970; baseline 0.002 -15"><span class='ocrx_word' id='word_1_229' title='bbox 219 1927 339 1956; x_wconf 81' lang='lat' dir='ltr'><strong>nostra</strong></span> <span class='ocrx_word' id='word_1_230' title='bbox 362 1923 450 1957; x_wconf 79' lang='lat' dir='ltr'><strong>nihil</strong></span> <span class='ocrx_word' id='word_1_231' title='bbox 473 1925 591 1967; x_wconf 85' lang='lat' dir='ltr'><strong>aliud,</strong></span> <span class='ocrx_word' id='word_1_232' title='bbox 617 1937 721 1969; x_wconf 82' lang='lat' dir='ltr'><strong>quam</strong></span> <span class='ocrx_word' id='word_1_233' title='bbox 742 1926 879 1970; x_wconf 82' lang='lat' dir='ltr'><strong>praeda</strong></span> <span class='ocrx_word' id='word_1_234' title='bbox 947 1923 998 1957; x_wconf 84' lang='lat' dir='ltr'><strong>ita</strong></span> <span class='ocrx_word' id='word_1_235' title='bbox 1038 1924 1310 1967; x_wconf 79' lang='lat' dir='ltr'><strong>transponentis:</strong></span> <span class='ocrx_word' id='word_1_236' title='bbox 1355 1936 1470 1958; x_wconf 81' lang='lat' dir='ltr'><strong>morsu</strong></span> <span class='ocrx_word' id='word_1_237' title='bbox 1520 1925 1605 1966; x_wconf 73' lang='lat' dir='ltr'><strong>eius,</strong></span> 
     </span>
     <span class='ocr_line' id='line_1_30' title="bbox 219 1970 1604 2014; baseline 0.001 -13"><span class='ocrx_word' id='word_1_238' title='bbox 219 1969 358 2004; x_wconf 82' lang='lat' dir='ltr'><strong>victoris</strong></span> <span class='ocrx_word' id='word_1_239' title='bbox 405 1981 476 2004; x_wconf 82' lang='lat' dir='ltr'><strong>esse</strong></span> <span class='ocrx_word' id='word_1_240' title='bbox 521 1972 709 2006; x_wconf 82' lang='lat' dir='ltr'><strong>videretur</strong></span> <span class='ocrx_word' id='word_1_241' title='bbox 756 1971 878 2006; x_wconf 77' lang='lat' dir='ltr'><strong>lustin.</strong></span> <span class='ocrx_word' id='word_1_242' title='bbox 947 1981 1033 2003; x_wconf 80' lang='lat' dir='ltr'><strong>sane</strong></span> <span class='ocrx_word' id='word_1_243' title='bbox 1058 1981 1177 2014; x_wconf 73' lang='lat' dir='ltr'><strong>expers</strong></span> <span class='ocrx_word' id='word_1_244' title='bbox 1194 1971 1369 2004; x_wconf 83' lang='lat' dir='ltr'><strong>muliebris</strong></span> <span class='ocrx_word' id='word_1_245' title='bbox 1391 1975 1512 2012; x_wconf 83' lang='lat' dir='ltr'><strong>metus,</strong></span> <span class='ocrx_word' id='word_1_246' title='bbox 1532 1972 1604 2014; x_wconf 84' lang='lat' dir='ltr'><strong>spi-</strong></span> 
     </span>
     <span class='ocr_line' id='line_1_31' title="bbox 219 2014 1605 2062; baseline 0.001 -14"><span class='ocrx_word' id='word_1_247' title='bbox 219 2014 380 2051; x_wconf 81' lang='lat' dir='ltr'><strong>XL1.1.</strong></span> <span class='ocrx_word' id='word_1_248' title='bbox 425 2016 571 2060; x_wconf 80' lang='lat' dir='ltr'><strong>Parthi,</strong></span> <span class='ocrx_word' id='word_1_249' title='bbox 611 2018 722 2052; x_wconf 84' lang='lat' dir='ltr'><strong>veluti</strong></span> <span class='ocrx_word' id='word_1_250' title='bbox 751 2019 880 2062; x_wconf 74' lang='lat' dir='ltr'><strong>vulgus</strong></span> <span class='ocrx_word' id='word_1_251' title='bbox 946 2017 1052 2050; x_wconf 81' lang='lat' dir='ltr'><strong>ritum</strong></span> <span class='ocrx_word' id='word_1_252' title='bbox 1075 2016 1242 2052; x_wconf 81' lang='lat' dir='ltr'><strong>reddidit.</strong></span> <span class='ocrx_word' id='word_1_253' title='bbox 1274 2017 1319 2049; x_wconf 88' lang='lat'><strong>11.</strong></span> <span class='ocrx_word' id='word_1_254' title='bbox 1344 2015 1401 2050; x_wconf 79' lang='lat'><strong>88.</strong></span> <span class='ocrx_word' id='word_1_255' title='bbox 1434 2018 1510 2058; x_wconf 82' lang='lat' dir='ltr'><strong>vir,</strong></span> <span class='ocrx_word' id='word_1_256' title='bbox 1545 2017 1605 2050; x_wconf 79' lang='lat' dir='ltr'><strong>uln·</strong></span> 
     </span>
     <span class='ocr_line' id='line_1_32' title="bbox 219 2062 1606 2108; baseline 0.001 -14"><span class='ocrx_word' id='word_1_257' title='bbox 219 2062 293 2094; x_wconf 81' lang='lat' dir='ltr'><strong>sine</strong></span> <span class='ocrx_word' id='word_1_258' title='bbox 331 2062 489 2105; x_wconf 83' lang='lat' dir='ltr'><strong>nomine,</strong></span> <span class='ocrx_word' id='word_1_259' title='bbox 532 2065 671 2108; x_wconf 78' lang='lat' dir='ltr'><strong>praeda</strong></span> <span class='ocrx_word' id='word_1_260' title='bbox 711 2064 880 2106; x_wconf 76' lang='lat' dir='ltr'><strong>victorum</strong></span> <span class='ocrx_word' id='word_1_261' title='bbox 946 2074 1003 2096; x_wconf 83' lang='lat' dir='ltr'><strong>res</strong></span> <span class='ocrx_word' id='word_1_262' title='bbox 1026 2062 1188 2107; x_wconf 82' lang='lat' dir='ltr'><strong>vigiliam</strong></span> <span class='ocrx_word' id='word_1_263' title='bbox 1219 2063 1395 2107; x_wconf 74' lang='lat' dir='ltr'><strong>exigeret,</strong></span> <span class='ocrx_word' id='word_1_264' title='bbox 1426 2073 1511 2096; x_wconf 79' lang='lat' dir='ltr'><strong>eane</strong></span> <span class='ocrx_word' id='word_1_265' title='bbox 1547 2074 1606 2096; x_wconf 75' lang='lat' dir='ltr'><strong>ex-</strong></span> 
     </span>
     <span class='ocr_line' id='line_1_33' title="bbox 212 2107 1606 2151; baseline 0.002 -11"><span class='ocrx_word' id='word_1_266' title='bbox 212 2110 327 2151; x_wconf 82' lang='lat' dir='ltr'><strong>fuere.</strong></span> <span class='ocrx_word' id='word_1_267' title='bbox 373 2107 506 2143; x_wconf 79' lang='lat' dir='ltr'><strong>Seneca</strong></span> <span class='ocrx_word' id='word_1_268' title='bbox 541 2111 665 2144; x_wconf 79' lang='lat' dir='ltr'><strong>Medea</strong></span> <span class='ocrx_word' id='word_1_269' title='bbox 704 2110 785 2144; x_wconf 81' lang='lat'><strong>517.</strong></span> <span class='ocrx_word' id='word_1_270' title='bbox 818 2121 879 2144; x_wconf 77' lang='lat' dir='ltr'><strong>nos</strong></span> <span class='ocrx_word' id='word_1_271' title='bbox 946 2111 1086 2143; x_wconf 81' lang='lat' dir='ltr'><strong>somnis.</strong></span> <span class='ocrx_word' id='word_1_272' title='bbox 1131 2108 1189 2143; x_wconf 78' lang='lat'><strong>93.</strong></span> <span class='ocrx_word' id='word_1_273' title='bbox 1236 2110 1370 2143; x_wconf 83' lang='lat' dir='ltr'><strong>iuvenis</strong></span> <span class='ocrx_word' id='word_1_274' title='bbox 1415 2120 1519 2151; x_wconf 82' lang='lat' dir='ltr'><strong>sane,</strong></span> <span class='ocrx_word' id='word_1_275' title='bbox 1565 2113 1606 2143; x_wconf 85' lang='lat' dir='ltr'><strong>ut</strong></span> 
     </span>
     <span class='ocr_line' id='line_1_34' title="bbox 219 2155 1606 2201; baseline 0.001 -15"><span class='ocrx_word' id='word_1_276' title='bbox 219 2155 406 2200; x_wconf 80' lang='lat' dir='ltr'><strong>confligere</strong></span> <span class='ocrx_word' id='word_1_277' title='bbox 429 2156 520 2190; x_wconf 86' lang='lat' dir='ltr'><strong>inter</strong></span> <span class='ocrx_word' id='word_1_278' title='bbox 542 2168 603 2190; x_wconf 86' lang='lat' dir='ltr'><strong>nos</strong></span> <span class='ocrx_word' id='word_1_279' title='bbox 620 2158 713 2196; x_wconf 83' lang='lat' dir='ltr'><strong>sine;</strong></span> <span class='ocrx_word' id='word_1_280' title='bbox 727 2158 782 2190; x_wconf 82' lang='lat' dir='ltr'><strong>sit</strong></span> <span class='ocrx_word' id='word_1_281' title='bbox 797 2167 879 2201; x_wconf 83' lang='lat' dir='ltr'><strong>pre-</strong></span> <span class='ocrx_word' id='word_1_282' title='bbox 945 2156 1059 2198; x_wconf 74' lang='lat' dir='ltr'><strong>aiunt,</strong></span> <span class='ocrx_word' id='word_1_283' title='bbox 1077 2156 1311 2200; x_wconf 81' lang='lat' dir='ltr'><strong>ingenuarum</strong></span> <span class='ocrx_word' id='word_1_284' title='bbox 1334 2156 1511 2190; x_wconf 79' lang='lat' dir='ltr'><strong>virtutum.</strong></span> <span class='ocrx_word' id='word_1_285' title='bbox 1537 2156 1606 2189; x_wconf 86' lang='lat' dir='ltr'><strong>Sa-</strong></span> 
     </span>
     <span class='ocr_line' id='line_1_35' title="bbox 218 2201 1605 2245; baseline 0.001 -12"><span class='ocrx_word' id='word_1_286' title='bbox 218 2201 306 2233; x_wconf 68' lang='lat' dir='ltr'><strong>lium</strong></span> <span class='ocrx_word' id='word_1_287' title='bbox 332 2201 444 2235; x_wconf 82' lang='lat' dir='ltr'><strong>[ason.</strong></span> <span class='ocrx_word' id='word_1_288' title='bbox 476 2201 536 2235; x_wconf 89' lang='lat' dir='ltr'><strong>ubi</strong></span> <span class='ocrx_word' id='word_1_289' title='bbox 560 2204 629 2237; x_wconf 87' lang='lat' dir='ltr'><strong>hoc</strong></span> <span class='ocrx_word' id='word_1_290' title='bbox 653 2202 776 2238; x_wconf 78' lang='lat' dir='ltr'><strong>Veueii</strong></span> <span class='ocrx_word' id='word_1_291' title='bbox 799 2203 879 2238; x_wconf 90' lang='lat' dir='ltr'><strong>loco</strong></span> <span class='ocrx_word' id='word_1_292' title='bbox 945 2202 1037 2244; x_wconf 75' lang='lat' dir='ltr'><strong>aies,</strong></span> <span class='ocrx_word' id='word_1_293' title='bbox 1071 2202 1163 2245; x_wconf 85' lang='lat' dir='ltr'><strong>quod</strong></span> <span class='ocrx_word' id='word_1_294' title='bbox 1185 2201 1342 2235; x_wconf 83' lang='lat' dir='ltr'><strong>nonnulli</strong></span> <span class='ocrx_word' id='word_1_295' title='bbox 1375 2202 1510 2236; x_wconf 88' lang='lat' dir='ltr'><strong>Velleio</strong></span> <span class='ocrx_word' id='word_1_296' title='bbox 1539 2203 1605 2235; x_wconf 50' lang='lat' dir='ltr'><strong>ob,-</strong></span> 
     </span>
     <span class='ocr_line' id='line_1_36' title="bbox 217 2248 1604 2291; baseline 0.002 -12"><span class='ocrx_word' id='word_1_297' title='bbox 217 2256 299 2280; x_wconf 80' lang='lat' dir='ltr'><strong>usus</strong></span> <span class='ocrx_word' id='word_1_298' title='bbox 319 2251 371 2281; x_wconf 81' lang='lat' dir='ltr'><strong>est</strong></span> <span class='ocrx_word' id='word_1_299' title='bbox 386 2248 594 2283; x_wconf 84' lang='lat' dir='ltr'><strong>Gronovius.</strong></span> <span class='ocrx_word' id='word_1_300' title='bbox 619 2250 776 2283; x_wconf 79' lang='lat' dir='ltr'><strong>Eandem</strong></span> <span class='ocrx_word' id='word_1_301' title='bbox 800 2261 879 2283; x_wconf 89' lang='lat' dir='ltr'><strong>sen-</strong></span> <span class='ocrx_word' id='word_1_302' title='bbox 943 2248 1109 2290; x_wconf 82' lang='lat' dir='ltr'><strong>trudunt,</strong></span> <span class='ocrx_word' id='word_1_303' title='bbox 1142 2249 1253 2291; x_wconf 68' lang='lat' dir='ltr'><strong>poetis</strong></span> <span class='ocrx_word' id='word_1_304' title='bbox 1276 2248 1440 2282; x_wconf 79' lang='lat' dir='ltr'><strong>usitatum</strong></span> <span class='ocrx_word' id='word_1_305' title='bbox 1464 2250 1516 2281; x_wconf 85' lang='lat' dir='ltr'><strong>est</strong></span> <span class='ocrx_word' id='word_1_306' title='bbox 1539 2259 1604 2291; x_wconf 89' lang='lat' dir='ltr'><strong>pro</strong></span> 
     </span>
     <span class='ocr_line' id='line_1_37' title="bbox 217 2293 1605 2340; baseline 0.001 -15"><span class='ocrx_word' id='word_1_307' title='bbox 217 2293 363 2327; x_wconf 83' lang='lat' dir='ltr'><strong>tentiam</strong></span> <span class='ocrx_word' id='word_1_308' title='bbox 392 2294 444 2328; x_wconf 81' lang='lat' dir='ltr'><strong>ita</strong></span> <span class='ocrx_word' id='word_1_309' title='bbox 477 2296 639 2340; x_wconf 82' lang='lat' dir='ltr'><strong>exprimit</strong></span> <span class='ocrx_word' id='word_1_310' title='bbox 663 2297 791 2330; x_wconf 77' lang='lat' dir='ltr'><strong>Lucan.</strong></span> <span class='ocrx_word' id='word_1_311' title='bbox 815 2296 878 2330; x_wconf 80' lang='lat' dir='ltr'><strong>lx.</strong></span> <span class='ocrx_word' id='word_1_312' title='bbox 945 2305 1097 2338; x_wconf 85' lang='lat' dir='ltr'><strong>veneno,</strong></span> <span class='ocrx_word' id='word_1_313' title='bbox 1142 2305 1210 2327; x_wconf 89' lang='grc' dir='ltr'><strong>ιιοιι</strong></span> <span class='ocrx_word' id='word_1_314' title='bbox 1239 2295 1324 2328; x_wconf 86' lang='lat' dir='ltr'><strong>item</strong></span> <span class='ocrx_word' id='word_1_315' title='bbox 1354 2295 1488 2329; x_wconf 75' lang='lat' dir='ltr'><strong>solutae</strong></span> <span class='ocrx_word' id='word_1_316' title='bbox 1521 2304 1605 2328; x_wconf 87' lang='lat' dir='ltr'><strong>ora-</strong></span> 
     </span>
    </p>
   </div>
   <div class='ocr_carea' id='block_1_6' title="bbox 215 2338 1605 2430">
    <p class='ocr_par' dir='ltr' id='par_1_6' title="bbox 215 2338 1605 2430">
     <span class='ocr_line' id='line_1_38' title="bbox 216 2338 1605 2388; baseline 0.002 -16"><span class='ocrx_word' id='word_1_317' title='bbox 216 2338 299 2373; x_wconf 78' lang='lat'><strong>241.</strong></span> <span class='ocrx_word' id='word_1_318' title='bbox 325 2340 522 2386; x_wconf 84' lang='lat' dir='ltr'><strong>dominnm,</strong></span> <span class='ocrx_word' id='word_1_319' title='bbox 557 2354 659 2388; x_wconf 77' lang='lat' dir='ltr'><strong>quem</strong></span> <span class='ocrx_word' id='word_1_320' title='bbox 682 2343 798 2377; x_wconf 83' lang='lat' dir='ltr'><strong>clades</strong></span> <span class='ocrx_word' id='word_1_321' title='bbox 822 2354 879 2377; x_wconf 86' lang='lat' dir='ltr'><strong>co·</strong></span> <span class='ocrx_word' id='word_1_322' title='bbox 945 2340 1051 2375; x_wconf 78' lang='lat' dir='ltr'><strong>tionis</strong></span> <span class='ocrx_word' id='word_1_323' title='bbox 1073 2340 1310 2384; x_wconf 81' lang='lat' dir='ltr'><strong>scriptoribus.</strong></span> <span class='ocrx_word' id='word_1_324' title='bbox 1343 2341 1384 2374; x_wconf 86' lang='grc' dir='ltr'><strong>1η</strong></span> <span class='ocrx_word' id='word_1_325' title='bbox 1408 2346 1489 2374; x_wconf 85' lang='lat' dir='ltr'><strong>ante</strong></span> <span class='ocrx_word' id='word_1_326' title='bbox 1511 2351 1605 2375; x_wconf 81' lang='lat' dir='ltr'><strong>mor-</strong></span> 
     </span>
     <span class='ocr_line' id='line_1_39' title="bbox 215 2386 1603 2430; baseline 0.001 -12"><span class='ocrx_word' id='word_1_327' title='bbox 215 2386 293 2430; x_wconf 80' lang='lat' dir='ltr'><strong>git,</strong></span> <span class='ocrx_word' id='word_1_328' title='bbox 331 2386 475 2422; x_wconf 78' lang='lat' dir='ltr'><strong>habebo.</strong></span> <span class='ocrx_word' id='word_1_329' title='bbox 937 2397 1004 2429; x_wconf 67' lang='lat' dir='ltr'><strong>su,</strong></span> <span class='ocrx_word' id='word_1_330' title='bbox 1051 2386 1248 2420; x_wconf 81' lang='lat' dir='ltr'><strong>volentibus</strong></span> <span class='ocrx_word' id='word_1_331' title='bbox 1294 2386 1479 2428; x_wconf 73' lang='lat' dir='ltr'><strong>omnibus,</strong></span> <span class='ocrx_word' id='word_1_332' title='bbox 1529 2386 1603 2430; x_wconf 87' lang='lat' dir='ltr'><strong>qui,</strong></span> 
     </span>
    </p>
   </div>
   <div class='ocr_carea' id='block_1_7' title="bbox 213 2432 1602 2549">
    <p class='ocr_par' dir='ltr' id='par_1_7' title="bbox 213 2432 1602 2549">
     <span class='ocr_line' id='line_1_40' title="bbox 263 2432 1602 2501; baseline 0.001 -35"><span class='ocrx_word' id='word_1_333' title='bbox 263 2454 363 2489; x_wconf 72' lang='lat' dir='ltr'><strong>CAP</strong></span> <span class='ocrx_word' id='word_1_334' title='bbox 387 2456 595 2491; x_wconf 50' lang='lat' dir='ltr'>LXXXVII·</span> <span class='ocrx_word' id='word_1_335' title='bbox 636 2459 668 2501; x_wconf 44' lang='grc' dir='ltr'><strong>ἓ.</strong></span> <span class='ocrx_word' id='word_1_336' title='bbox 711 2457 744 2491; x_wconf 53' lang='grc'><strong>1.</strong></span> <span class='ocrx_word' id='word_1_337' title='bbox 791 2457 878 2491; x_wconf 50' lang='lat' dir='ltr'><strong>Pro-</strong></span> <span class='ocrx_word' id='word_1_338' title='bbox 943 2432 1079 2487; x_wconf 71' lang='lat' dir='ltr'><strong>quoties</strong></span> <span class='ocrx_word' id='word_1_339' title='bbox 1101 2444 1143 2486; x_wconf 59' lang='lat' dir='ltr'><strong>ex}</strong></span> <span class='ocrx_word' id='word_1_340' title='bbox 1164 2433 1321 2487; x_wconf 68' lang='lat' dir='ltr'><strong>sequenti</strong></span> <span class='ocrx_word' id='word_1_341' title='bbox 1343 2445 1379 2467; x_wconf 88' lang='lat' dir='ltr'><strong>m</strong></span> <span class='ocrx_word' id='word_1_342' title='bbox 1400 2437 1521 2468; x_wconf 79' lang='lat' dir='ltr'><strong>natum</strong></span> <span class='ocrx_word' id='word_1_343' title='bbox 1544 2433 1602 2476; x_wconf 72' lang='lat' dir='ltr'><strong>sit,</strong></span> 
     </span>
     <span class='ocr_line' id='line_1_41' title="bbox 213 2482 1279 2549; baseline 0.006 -18"><span class='ocrx_word' id='word_1_344' title='bbox 213 2499 305 2533; x_wconf 77' lang='lat' dir='ltr'><strong>ximo</strong></span> <span class='ocrx_word' id='word_1_345' title='bbox 331 2513 431 2536; x_wconf 81' lang='lat' dir='ltr'><strong>anno.</strong></span> <span class='ocrx_word' id='word_1_346' title='bbox 446 2504 604 2549; x_wconf 77' lang='lat' dir='ltr'><strong>Exempl.</strong></span> <span class='ocrx_word' id='word_1_347' title='bbox 625 2507 724 2538; x_wconf 80' lang='lat' dir='ltr'><strong>vetus</strong></span> <span class='ocrx_word' id='word_1_348' title='bbox 748 2503 876 2538; x_wconf 79' lang='lat' dir='ltr'><strong>habet:</strong></span> <span class='ocrx_word' id='word_1_349' title='bbox 944 2482 1075 2519; x_wconf 64' lang='lat' dir='ltr'><strong>⁸⁰¹⁸nt&#39;</strong></span> <span class='ocrx_word' id='word_1_350' title='bbox 1104 2490 1279 2513; x_wconf 50' lang='lat' dir='ltr'><strong>‘neamus&#39;</strong></span> 
     </span>
    </p>
   </div>
   <div class='ocr_carea' id='block_1_8' title="bbox 212 2525 1602 2627">
    <p class='ocr_par' dir='ltr' id='par_1_8' title="bbox 212 2525 1602 2627">
     <span class='ocr_line' id='line_1_42' title="bbox 212 2525 1602 2627; baseline 0 -23"><span class='ocrx_word' id='word_1_351' title='bbox 212 2545 376 2627; x_wconf 48' lang='lat' dir='ltr'><strong>gammo</strong></span> <span class='ocrx_word' id='word_1_352' title='bbox 410 2549 535 2585; x_wconf 58' lang='lat' dir='ltr'><strong>deinde</strong></span> <span class='ocrx_word' id='word_1_353' title='bbox 575 2562 667 2585; x_wconf 74' lang='lat'><strong>“⁷²⁷10</strong></span> <span class='ocrx_word' id='word_1_354' title='bbox 700 2553 776 2585; x_wconf 47' lang='lat'><strong>⁰⁸⁰*</strong></span> <span class='ocrx_word' id='word_1_355' title='bbox 797 2550 876 2584; x_wconf 59' lang='grc' dir='ltr'><strong>ΒΗ·</strong></span> <span class='ocrx_word' id='word_1_356' title='bbox 940 2525 1156 2615; x_wconf 39' lang='lat' dir='ltr'><strong>emili-kh?</strong></span> <span class='ocrx_word' id='word_1_357' title='bbox 1165 2526 1311 2606; x_wconf 46' lang='grc' dir='ltr'><strong>ιιῖἷῖἶῗι</strong></span> <span class='ocrx_word' id='word_1_358' title='bbox 1325 2525 1519 2605; x_wconf 54' lang='grc' dir='ltr'><strong>αἴὶοέἴιῗζιη</strong></span> <span class='ocrx_word' id='word_1_359' title='bbox 1530 2525 1602 2604; x_wconf 55' lang='lat' dir='ltr'><strong>[iii]</strong></span> 
     </span>
    </p>
   </div>
   <div class='ocr_carea' id='block_1_9' title="bbox 210 2617 1601 2748">
    <p class='ocr_par' dir='ltr' id='par_1_9' title="bbox 210 2617 1601 2748">
     <span class='ocr_line' id='line_1_43' title="bbox 940 2617 1601 2661; baseline -0.002 -10"><span class='ocrx_word' id='word_1_360' title='bbox 940 2623 1043 2651; x_wconf 87' lang='lat' dir='ltr'><strong>ctum.</strong></span> <span class='ocrx_word' id='word_1_361' title='bbox 1068 2617 1210 2651; x_wconf 62' lang='lat' dir='ltr'><strong>Boium.</strong></span> <span class='ocrx_word' id='word_1_362' title='bbox 1240 2618 1451 2661; x_wconf 79' lang='lat' dir='ltr'><strong>Recepimus</strong></span> <span class='ocrx_word' id='word_1_363' title='bbox 1473 2617 1601 2651; x_wconf 79' lang='lat' dir='ltr'><strong>Acida-</strong></span> 
     </span>
     <span class='ocr_line' id='line_1_44' title="bbox 260 2661 1600 2709; baseline 0.003 -16"><span class='ocrx_word' id='word_1_364' title='bbox 260 2661 521 2698; x_wconf 67' lang='lat' dir='ltr'><strong>Alexandriam.</strong></span> <span class='ocrx_word' id='word_1_365' title='bbox 545 2665 678 2709; x_wconf 78' lang='lat' dir='ltr'><strong>Exemp</strong></span> <span class='ocrx_word' id='word_1_366' title='bbox 679 2666 704 2700; x_wconf 87' lang='lat'><strong>1.</strong></span> <span class='ocrx_word' id='word_1_367' title='bbox 722 2668 791 2700; x_wconf 87' lang='lat' dir='ltr'><strong>vet.</strong></span> <span class='ocrx_word' id='word_1_368' title='bbox 807 2664 873 2699; x_wconf 79' lang='lat' dir='ltr'><strong>ha·</strong></span> <span class='ocrx_word' id='word_1_369' title='bbox 938 2663 979 2697; x_wconf 87' lang='lat' dir='ltr'><strong>lii</strong></span> <span class='ocrx_word' id='word_1_370' title='bbox 1012 2664 1285 2700; x_wconf 74' lang='lat' dir='ltr'><strong>correctionem:</strong></span> <span class='ocrx_word' id='word_1_371' title='bbox 1333 2664 1379 2699; x_wconf 80' lang='lat' dir='ltr'><strong>ab</strong></span> <span class='ocrx_word' id='word_1_372' title='bbox 1422 2674 1462 2700; x_wconf 85' lang='lat' dir='ltr'><strong>eo</strong></span> <span class='ocrx_word' id='word_1_373' title='bbox 1501 2663 1600 2698; x_wconf 79' lang='lat' dir='ltr'><strong>devi-</strong></span> 
     </span>
     <span class='ocr_line' id='line_1_45' title="bbox 210 2703 1321 2748; baseline 0.005 -7"><span class='ocrx_word' id='word_1_374' title='bbox 210 2706 289 2743; x_wconf 84' lang='lat' dir='ltr'><strong>het.</strong></span> <span class='ocrx_word' id='word_1_375' title='bbox 312 2709 581 2748; x_wconf 76' lang='lat' dir='ltr'><strong>Alexandream.</strong></span> <span class='ocrx_word' id='word_1_376' title='bbox 613 2713 760 2748; x_wconf 69' lang='lat' dir='ltr'><strong>Beana.</strong></span> <span class='ocrx_word' id='word_1_377' title='bbox 785 2711 874 2747; x_wconf 82' lang='lat' dir='ltr'><strong>vido</strong></span> <span class='ocrx_word' id='word_1_378' title='bbox 938 2714 1042 2747; x_wconf 76' lang='lat' dir='ltr'><strong>ctum.</strong></span> <span class='ocrx_word' id='word_1_379' title='bbox 1315 2703 1321 2714; x_wconf 90' lang='grc'><strong>’</strong></span> 
     </span>
    </p>
   </div>
  </div>
 </body>
</html>
