1728 3054
257 187 345 228 270

259 313 373 357 que,
417 295 495 356 qui
529 312 618 342 una
661 297 909 342 circundati
943 297 1129 343 Alisone
1177 298 1399 343 immensis
1444 293 1648 363 Germa?

565 182 612 226 C.
642 180 920 224 VELLEH
958 181 1351 227 PATERcULl

261 382 424 412 norum
458 367 601 427 copiis
636 364 982 426 obsidebantur,
1016 366 1245 412 laudanda
1278 369 1412 413 virtus
1446 376 1531 423 θείς
1564 371 1642 429 qui

261 437 468 480 omnibus
503 435 845 482 difficultatibus
878 437 1118 496 superatis,
1163 452 1273 495 quas
1306 437 1460 498 inopia
1491 454 1642 484 rerum

260 505 597 561 intolerabileis,
650 505 717 550 vis
763 505 962 550 hostium
1004 506 1202 551 faciebat
1252 507 1650 566 inexuperabileisa
1724 531 1726 535 r

260 590 347 621 nec
390 575 628 619 temerario
673 574 887 630 consilio,
932 589 1020 621 nec
1063 575 1190 635 segni
1231 575 1516 636 providentia
1558 578 1641 633 usi,

260 644 569 703 speculatique
603 644 1010 704 opportunitatem,
1051 644 1174 689 ferro
1209 644 1290 690 sibi
1325 644 1384 689 ad
1418 660 1520 690 suos
1553 661 1642 706 pe-

219 720 252 761 5
264 728 427 774 perere
472 712 680 759 reditum.

757 713 832 757 Ex
874 727 966 771 quo
1010 718 1226 773 apparet,
1281 713 1452 759 Varum
1467 746 1495 773 ‚f
1534 729 1642 759 sane

260 797 450 843 gravem
468 797 470 799 ·
486 786 531 826 et
573 782 722 826 bonae
764 782 1002 827 voluntatis
1042 783 1209 839 virum,
1252 783 1398 844 magis
1439 783 1638 843 impera-

259 852 367 896 toris
423 850 656 896 defectum
707 852 919 907 consilio,
975 867 1112 911 quam
1166 853 1328 897 virtute
1382 852 1642 897 destitutum

259 921 477 979 militum,
513 935 561 964 se
606 921 1182 981 magnificentissimumque
1226 922 1475 981 perdidisse
1510 937 1641 967 exer-

214 995 247 1036 6
262 991 412 1037 citum.

491 988 608 1034 Cum
634 993 645 1001 ’
663 990 709 1033 in
759 990 962 1049 captivos
1016 991 1256 1037 saeviretur
1305 1006 1333 1035 a
1389 991 1642 1046 Germanis,

256 1058 479 1119 praeclari
530 1058 741 1104 facinoris
794 1065 954 1120 auctor
1003 1059 1088 1104 fuit
1135 1059 1308 1104 Caldus
1354 1059 1534 1105 Caelius
1579 1059 1641 1104 ad

250 1133 522 1174 'vetustatem
554 1128 751 1173 familiae
787 1143 894 1174 suae
928 1128 1230 1189 dignissimus3
1264 1128 1342 1187 qni
1376 1129 1641 1190 complexus

255 1205 536 1256 catenarum,
571 1198 733 1255 quibus
766 1198 937 1244 vinctus
973 1204 1090 1254 erat,
1124 1198 1309 1254 seriem,
1343 1198 1405 1242 ita
1437 1198 1537 1243 illas
1569 1198 1640 1242 in-

253 1267 340 1312 lisit
373 1266 510 1327 capiti
544 1281 651 1323 suo,
695 1272 744 1310 ut
789 1267 993 1326 protinus
1036 1267 1206 1329 pariter
1239 1267 1464 1329 sanguinis
1508 1282 1638 1315 cere-

251 1337 414 1397 brique
447 1324 631 1382 influvfo
668 1335 904 1396 expiraret.

297 1499 322 1523 a
346 1485 484 1522 Lisone.
521 1484 639 1530 Alias,
669 1483 823 1520 Alisone.
846 1484 913 1520 Est

251 1534 324 1570 loci
356 1544 494 1568 nomen.
532 1533 624 1568 Nam
657 1536 751 1566 extat
782 1532 912 1566 hodie-

251 1583 322 1625 que
350 1579 557 1625 oppidulum
598 1580 772 1614 Altzhcim
801 1589 913 1623 prope

250 1627 466 1672 Vangionas.
497 1625 661 1661 Meminit
684 1625 760 1660 eius
783 1630 818 1659 et
840 1625 914 1659 Ta-

250 1674 356 1710 citus.
389 1675 556 1707 anuw.
591 1672 685 1708 Edit.
712 1684 765 1716 pr.
797 1683 821 1705 a
852 1671 915 1704 La·-

250 1732 346 1756 sonc.
386 1719 478 1753 vide
517 1719 670 1764 Interpp.
710 1719 758 1752 ad
793 1717 912 1753 Tacit.

250 1768 341 1804 Ann-
362 1766 409 1802 11.
431 1765 467 1800 7.

295 1848 358 1871 nec
380 1833 726 1880 ecgni‘providentia
749 1832 814 1869 usi.
841 1832 914 1867 Ex·

250 1884 356 1928 empl.
388 1886 566 1916 vetustum
597 1881 724 1915 habet:
771 1891 833 1914 nec
856 1891 913 1914 se-

249 1932 316 1976 gm'
353 1928 577 1974 providentia
609 1927 679 1960 niti
712 1929 776 1960 etc.
818 1925 912 1960 Mihi

249 1977 439 2022 (quantum
462 1985 504 2008 ex
527 1973 638 2008 literis
661 1971 827 2017 coniicio)
844 1973 912 2007 ad-

248 2024 317 2058 iuti
338 2021 529 2067 legendum
551 2021 701 2055 videtur.
721 2019 867 2064 Boium.

296 2094 330 2135 §-
363 2090 398 2126 6.
433 2091 565 2124 Caldus
601 2088 740 2122 Caelius
770 2088 820 2122 ad
849 2099 911 2122 ve-

247 2143 416 2175 tustatem
442 2137 610 2180 familiae
633 2146 718 2169 suae
742 2134 910 2178 dignissi-

247 2188 337 2221 νηπία.
372 2183 494 2218 Editor
525 2181 639 2216 Basil.
678 2181 727 2215 od
758 2180 907 2223 obiecto,

247 2230 445 2275 rescripsit:
489 2230 620 2264 caldus
659 2228 818 2269 Caclius,
848 2238 910 2261 ve-

248 2282 381 2314 tustate
413 2276 579 2320 familiae
623 2285 709 2308 suae
741 2274 909 2318 dignissi-

248 2336 338 2359 mus.
364 2323 555 2368 vulgatum
577 2331 685 2366 quam
709 2320 825 2364 inepte
848 2320 909 2354 de-

246 2371 370 2406 fendat
391 2370 582 2413 Wopkens.
612 2367 723 2404 Lect.-
739 2366 838 2400 Tull.
861 2366 908 2402 11.

246 2417 283 2452 3.
325 2416 418 2451 nihil
458 2414 581 2450 attinet
596 2418 904 2448 ‘commemorat-e.

172 2460 175 2468 ”
246 2464 358 2498 Forte
389 2462 597 2508 legendum:
647 2460 775 2494 Caldus
817 2460 909 2494 Cae-

246 2511 332 2552 lius,
364 2503 562 2543 adolescens
592 2511 769 2541 vetustate
794 2505 908 2550 samf-

246 2557 320 2591 liae
341 2566 428 2591 suae
452 2553 687 2600 dignissimus.
721 2552 823 2596 Quae
851 2554 908 2586 tn·-

244 2613 327 2637 mon
367 2601 570 2637 coniectura
605 2599 745 2639 nullum
787 2599 906 2633 locum

243 2649 373 2690 habet,
414 2647 444 2683 si
475 2645 659 2690 inscriptio
691 2644 905 2688 cenotaphii,

243 2695 488 2741 Bergendalae
517 2703 627 2738 propo
649 2691 801 2726 cliviam
832 2702 904 2725 ser-

243 2745 353 2785 vata,
375 2742 421 2778 ad
441 2741 538 2777 hunc
566 2737 724 2776 Caelium
747 2739 905 2782 rpferen-

979 1483 1026 1519 dn
1057 1486 1119 1519 est.
1166 1483 1262 1518 Eum
1292 1483 1433 1520 titulum
1464 1493 1488 1519 a
1517 1483 1639 1520 multis

978 1530 1105 1566 vitiose
1125 1529 1322 1574 proditum,
1344 1541 1457 1575 nuper
1477 1535 1640 1566 accurate

981 1577 1193 1622 descriptum
1241 1577 1336 1611 dedit
1372 1577 1638 1612 Iurisconsulto-

980 1635 1060 1658 rum
1095 1622 1375 1665 urentissimus,
1415 1624 1639 1659 Hel-mannus

982 1670 1258 1715 Gannegieterus
1293 1669 1440 1704 observ,
1471 1671 1542 1704 Iur.
1564 1671 1635 1705 Ro.

979 1718 1042 1752 111.
1075 1716 1110 1751 5.
1148 1717 1198 1750 M.
1234 1717 1352 1751 Caelio
1388 1716 1431 1751 T.
1463 1719 1499 1761 f.
1538 1717 1636 1750 Lem.

979 1764 1086 1797 Bono.
1120 1774 1149 1796 c.
1183 1763 1255 1809 leg.
1280 1763 1398 1797 XIIX.
1422 1774 1505 1797 ann.
1533 1763 1636 1797 LIII.

984 1809 1117 1844 Cecidit
1151 1810 1238 1843 bello
1274 1809 1437 1844 Variam.
1470 1810 1558 1844 Ossa
1580 1810 1638 1844 in-

971 1859 1073 1900 ferre
1109 1855 1236 1891 licebit.
1276 1857 1317 1890 P.
1355 1855 1493 1894 Caelius,
1525 1856 1566 1890 T.
1600 1858 1637 1900 f.

978 1903 1076 1937 Lem.
1102 1905 1223 1945 frater
1251 1902 1352 1945 fecit.
1401 1901 1518 1946 Quam
1548 1902 1638 1936 inte-

978 1948 1174 1994 gerrimam
1206 1948 1416 1993 scripturam
1444 1948 1475 1982 si
1505 1948 1637 1983 Maffo-

977 1995 1034 2029 ius
1056 1994 1141 2029 crit.
1163 1994 1284 2038 Lepid.
1308 1995 1368 2029 111.
1392 1993 1427 2028 4.
1449 2005 1532 2040 pag.
1552 1992 1634 2028 445.

977 2040 1206 2087 cognovisset,
1230 2040 1304 2086 ipso
1324 2041 1543 2084 sententiam,
1564 2051 1636 2085 qua

976 2088 1072 2122 hunc
1094 2087 1238 2122 titulum
1267 2087 1359 2122 inter
1380 2087 1516 2131 spurios
1538 2091 1634 2122 retn-

977 2134 1032 2177 lit,
1051 2134 1171 2168 statim
1197 2137 1402 2168 revocasset.
1428 2133 1499 2168 Sed
1521 2144 1634 2179 quon·
1664 2134 1671 2137 ”

976 2181 1050 2216 iam
1091 2179 1192 2214 oaldi
1232 2190 1427 2225 cognomen
1466 2180 1519 2214 ibi
1563 2191 1635 2214 non

978 2230 1179 2271 comparet,
1202 2226 1317 2271 potius
1339 2225 1480 2260 Caelius
1504 2225 1634 2270 aliquis

976 2285 1019 2308 ex
1050 2273 1122 2307 aliu
1152 2272 1268 2307 minus
1297 2273 1409 2307 nobili
1429 2273 1634 2307 Caeliorum

974 2319 1114 2354 familia
1134 2319 1384 2364 intenigendus
1405 2319 1554 2355 videtur.
1578 2318 1633 2353 No

974 2366 1114 2409 dicam,
1137 2365 1198 2400 vix
1220 2369 1486 2400 consentaneum
1507 2364 1632 2407 videri,

974 2412 1092 2447 virum
1114 2415 1253 2447 vetusta
1274 2412 1466 2446 Caldornm
1488 2411 1630 2446 familia

973 2462 1112 2500 ortum,
1149 2458 1276 2493 aetatis
1307 2468 1399 2492 anno
1429 2458 1524 2494 LIII.
1561 2468 1633 2492 non

974 2506 1154 2540 tribunum
1178 2509 1240 2539 aut
1261 2505 1443 2550 legatum,
1465 2504 1526 2540 sed
1549 2515 1632 2539 cen-

972 2551 1145 2587 turionem
1167 2551 1286 2585 fuisse.
1367 2572 1370 2574 -

1019 2598 1173 2641 influvio.
1223 2596 1348 2632 Editor
1387 2595 1500 2632 Baeil.
1541 2595 1631 2642 legit

969 2644 1150 2690 profluvio.
1190 2644 1320 2678 Melius
1354 2642 1494 2688 Lipsius
1527 2645 1631 2688 efflu-

970 2691 1039 2725 υἰο.
1062 2690 1107 2725 11.
1130 2689 1166 2724 7.
1197 2690 1424 2735 protinusque
1445 2689 1545 2724 inliso
1568 2700 1630 2723 ca-

967 2737 1043 2784 pite
1074 2737 1113 2773 ἰπ
1140 2740 1276 2784 postem
1296 2736 1475 2784 lapideum
1497 2736 1630 2772 ianuae
