1728 3054
387 157 888 233 comifflNT'A'rio
935 185 1219 228 carrica
1339 189 1496 227 cmxv

110 303 376 358 praedicavit:
420 303 474 344 de
509 302 684 346 hominis
720 301 860 342 indole
895 304 939 341 et
975 303 1118 341 natura
1153 298 1256 339 nihil
1288 297 1380 340 fere
1410 302 1493 340 tra-

223 417 287 458 Ne
313 419 449 456 tamen
478 414 782 464 obliviscamur,
810 413 989 457 nondum
1014 416 1108 466 post
1129 411 1360 452 Germanici
1386 409 1493 454 Dru-

109 474 247 526 sique,
281 473 480 522 filiorum,
520 477 716 519 mortem3
752 471 930 510 nondum
965 475 1061 522 post
1099 469 1236 510 Liviae
1267 471 1491 521 Augustae,

111 530 271 577 matris,
308 529 461 569 obitum
503 525 626 582 (uam
663 528 930 567 inveteratum
965 539 1062 577 erga
1094 525 1200 566 hauc
1238 525 1489 578 obsequium,

111 593 159 626 ut
180 586 350 635 ,illorum
376 590 535 631 metus,
566 584 845 636 impotentiam
879 587 1000 634 atque
1027 579 1162 633 ὕβριν
1196 583 1283 622 eius
1311 582 1492 633 aliquan-

110 649 197 682 tum
222 638 494 694 coercuerat)
522 639 732 679 Tiberium
755 645 838 679 tam
858 638 1142 678 detestabilem
1169 651 1214 678 se
1242 639 1492 691 praebuisse,

110 712 230 750 quam
257 698 301 740 in
328 698 409 736 vita
437 700 631 736 extrema.
699 695 799 735 Post
826 695 963 734 Seiani
999 695 1168 734 caedem
1194 708 1312 746 quam
1344 696 1494 735 saevis-

110 756 235 796 simus
263 753 445 793 exstitit:
461 749 506 806 *)
564 753 697 803 Quum
724 751 1012 803 pestiferarum
1037 751 1249 791 libidinum
1275 752 1391 790 malis
1423 765 1492 792 se-

110 823 191 852 nex
221 812 494 863 premeretur3
536 820 659 859 quum
698 808 1007 848 malefactorum
1051 809 1299 848 conscientia
1335 811 1492 849 animus

55 875 62 883 ⁴
109 869 290 919 impurus
318 865 565 905 cruciaretur
600 877 796 916 mensque
830 865 960 904 excita
987 869 1232 912 vastaretur3
1269 878 1391 916 quum
1418 879 1492 906 ne-

109 923 208 973 mini
237 923 318 961 iam
345 921 594 969 confideret,
633 921 763 968 Deos,
802 921 1007 971 homiues,
1046 926 1178 961 semet
1206 923 1296 973 ipse
1330 927 1491 974 pertae-

110 991 203 1020 sus:
228 982 328 1017 -tum
365 978 528 1017 demum
562 978 606 1017 in
647 979 782 1018 omnia
821 978 978 1018 scelera
1014 977 1248 1030 flagitiaque
1284 980 1492 1031 prorupit3

108 1040 196 1076 tum
222 1035 385 1074 demum
413 1034 539 1074 evasit
566 1034 657 1083 isse,
685 1037 798 1074 cuius
827 1033 1062 1074 memoriam
1090 1048 1231 1074 omnes
1260 1036 1493 1074 abominan-

109 1096 196 1140 tur,
224 1091 432 1139 Tinsmus.
490 1091 546 1132 At
584 1091 712 1142 (quod
739 1096 866 1144 caput.
888 1092 951 1130 rei
983 1089 1083 1146 est,)
1116 1092 1195 1131 hoc
1222 1092 1494 1132 miserrimum

109 1153 270 1200 tempus
307 1147 485 1186 nondum
531 1152 716 1198 venerat,
762 1161 884 1198 quum
923 1148 1071 1188 librum
1118 1148 1316 1188 scriberet
1350 1148 1495 1189 Velle-

109 1204 193 1244 ius:
219 1200 288 1257 **)
314 1203 400 1255 ipse
427 1203 600 1243 fortasse
630 1204 737 1244 inter
763 1204 899 1244 Seiani
936 1205 1115 1254 amicos,
1152 1205 1260 1256 quod
1294 1205 1404 1245 inter
1428 1218 1493 1246 as-

109 1259 295 1302 sentandi
330 1260 615 1299 necessitatem
645 1260 761 1313 plura
800 1261 840 1300 in
877 1261 982 1300 libro
1020 1260 1085 1318 (et
1124 1262 1264 1314 quidni
1301 1269 1491 1314 putemus

109 1317 151 1357 in
178 1307 310 1370 vitai‘e)
338 1315 456 1355 liberi
484 1317 647 1368 spiritus
672 1317 820 1356 indicia
844 1318 1113 1369 prodidisset,
1153 1332 1178 1358 a
1207 1319 1296 1358 diro
1319 1326 1490 1371 tyranno

110 1385 274 1420 caesus,
305 1376 375 1411 aut
400 1372 452 1411 ad
482 1385 641 1413 manum
664 1374 743 1412 sibi
768 1374 1021 1413 inferendam
1050 1381 1174 1416 actus,
1195 1373 1290 1429 ***)

219 1427 334 1468 Vide
366 1429 510 1477 etiam,
547 1443 596 1469 an
634 1430 736 1469 haec
763 1429 924 1470 Velleio
954 1431 1105 1482 silentii
1133 1432 1174 1470 in
1202 1432 1393 1484 principis
1426 1432 1493 1479 sui

110 1485 216 1525 vitiis
242 1485 395 1523 crimen
418 1485 601 1524 nonnihil
629 1486 762 1531 levare
788 1487 957 1538 possint.
1015 1483 1134 1527 Fidei
1159 1489 1367 1528 universae
1390 1489 1491 1529 scri-

112 1546 275 1595 ptorum
302 1541 355 1579 de
386 1540 543 1581 Tiberii
572 1543 694 1582 rebus
732 1543 832 1581 nihil
861 1543 1077 1583 detrahere
1113 1546 1264 1592 ausim;
1304 1559 1383 1585 non
1422 1547 1491 1585 ab·

110 1598 294 1645 nuerim,
330 1609 427 1635 vere
464 1611 555 1637 esse
591 1603 751 1638 narrata
777 1599 948 1651 plurima
980 1600 1203 1640 facinorum
1240 1606 1283 1641 et
1307 1603 1492 1655 turpissi-

112 1668 180 1694 me
215 1659 259 1693 et
290 1653 629 1705 perniciosissime
666 1656 717 1694 ab
746 1656 816 1695 illo
851 1656 1021 1707 aliisque
1051 1657 1290 1698 Caesaribus
1313 1653 1494 1710 patrato-

112 1724 214 1750 rum.
269 1709 559 1750 Verumtamen
585 1724 864 1762 nonnunquam
900 1714 1101 1764 suspicari
1131 1715 1263 1764 subit,
1301 1716 1492 1756 nonnulla

111 1772 268 1806 temere
296 1778 389 1804 esse
420 1767 574 1806 credita
602 1767 811 1818 literisque
840 1770 1040 1809 mandata.
1099 1770 1288 1823 Repudio
1328 1773 1493 1823 quidem

114 1836 208 1862 cum
234 1822 423 1861 Ernestio
447 1821 567 1878 ****)
593 1824 863 1877 temeritatem
895 1824 1081 1874 illorum,
1119 1828 1209 1878 qui,
1242 1831 1308 1874 (ut
1337 1830 1495 1881 egregii

113 1878 204 1920 Viri
230 1878 363 1917 verbis
395 1879 526 1930 utar,)
570 1880 763 1931 quidquid
801 1881 1030 1933 vulgaribus
1055 1883 1348 1936 ,philosophiae
1376 1899 1494 1938 prae-

113 1935 263 1987 ceptis,
307 1939 376 1974 aut
404 1936 538 1986 potius
571 1937 824 1988 opinionibus
861 1938 967 1987 suis,
1016 1945 1085 1978 aut
1126 1942 1274 1980 nostris
1313 1944 1493 1983 moribus

112 2004 195 2032 non
223 1991 323 2031 satis
355 1993 571 2032 convenire
603 1994 937 2047 deprehendunt,
972 1995 1018 2035 id
1050 1992 1298 2040 ἀδυνάτωνκ
1321 2011 1492 2040 numero

203 2162 242 2208 *)
267 2161 374 2198 Suet:
383 2161 466 2196 Tib.
486 2162 544 2197 61.
568 2162 657 2197 Tac.
680 2163 722 2198 A.
744 2163 804 2198 Vl.
828 2162 887 2199 51.

171 2248 172 2251 ,
202 2220 261 2264 **)
283 2219 430 2262 Scripsit
450 2219 616 2254 nimirum
638 2224 721 2255 aute
750 2221 868 2255 Seiani
891 2231 1031 2264 casum,
1063 2227 1100 2258 et
1121 2224 1283 2268 quidem,
1318 2227 1348 2262 si
1370 2195 1496 2264 audia-

114 2276 192 2302 Ιιιισ
214 2266 438 2301 Dodwollum
462 2268 602 2309 (Aunal.
626 2267 716 2301 Vell.
741 2268 775 2312 §.
801 2268 946 2312 xxix.)
968 2280 1040 2304 uno
1063 2281 1155 2306 anno
1179 2277 1271 2307 ante.

205 2334 286 2380 ΙΜ’)
310 2334 384 2369 Su:
405 2345 534 2377 manu,
557 2335 588 2369 si
618 2334 739 2377 licuit,
762 2335 934 2370 Velleium
956 2338 1121 2383 periisse,
1146 2345 1186 2375 ut
1216 2341 1408 2383 Quintilius
1434 2342 1499 2378 illo

115 2380 244 2423 vum,
276 2380 391 2416 avitae
420 2381 559 2415 virtutis
586 2393 798 2425 memorem,
832 2383 945 2426 (conf.
967 2384 1013 2419 11.
1036 2386 1094 2420 76.
1118 2388 1151 2422 1.
1184 2387 1264 2421 119.
1288 2388 1345 2430 3.)
1378 2388 1495 2424 nescio

115 2426 288 2478 quomodo
322 2427 502 2472 probabile
525 2427 614 2462 mihi
638 2429 723 2462 facit
744 2432 843 2462 tanta
865 2429 903 2462 in
925 2430 989 2464 tali
1009 2432 1179 2467 historiae
1200 2434 1404 2478 compendio
1426 2446 1496 2470 non

115 2472 190 2506 sinc
223 2483 357 2506 sumna
388 2474 635 2519 approbatione
667 2480 1020 2511 commemoratorum
1055 2477 1288 2523 αὐτοχειρίας
1318 2482 1497 2525 exemplo-

116 2529 197 2552 rum
217 2517 419 2562 frequentia.
466 2521 539 2562 En,
561 2532 655 2564 quac
676 2520 781 2555 huius
802 2521 951 2566 geuene,
975 2524 1071 2558 aliud
1094 2531 1260 2570 agentes,
1283 2538 1324 2560 ex
1346 2528 1497 2562 secundo

50 2578 57 2583 ·
116 2563 242 2598 velleii
270 2564 363 2599 libro
390 2563 607 2601 notavimus:
646 2567 693 2601 Π.
716 2567 775 2602 26.
796 2567 831 2603 3.
854 2567 910 2602 63.
934 2568 968 2603 2.
1000 2570 1060 2604 70.
1082 2571 1171 2606 2-4.
1207 2571 1266 2607 71.
1298 2572 1333 2608 ὃ.
1366 2573 1425 2610 76.
1460 2574 1496 2609 1.

116 2608 177 2644 88.
197 2609 234 2644 ὃ.
255 2609 335 2644 1⁰⁰.
357 2610 392 2647 4.
414 2611 494 2647 119.
515 2613 550 2648 3.
573 2613 654 2647 12⁰.
677 2613 713 2647 6.

207 2677 302 2722 Μ’)
323 2678 457 2716 Eme-t
484 2681 529 2716 aa
556 2681 627 2722 fiae
653 2680 738 2718 mat.
761 2685 858 2718 recte
882 2684 1117 2728 aestimanda,
1141 2686 1176 2731 §—
1205 2687 1280 2722 x1..
1306 2687 1343 2722 in
1367 2687 1495 2733 omne.

115 2723 241 2771 philol.
261 2734 343 2770 pag.
366 2724 424 2761 94.
1452 2758 1454 2760 v
