1728 3054
183 191 271 234 262

489 187 537 230 G.
565 185 850 230 VELLEII
886 185 1281 231 PATERGULI

189 308 236 349 et
269 293 650 348 consummatione
693 308 878 349 evectae
919 303 966 347 ln
1006 302 1263 348 altissimum
1306 308 1568 363 paternum-

148 381 278 431 5que
311 369 540 429 fastigium
580 369 785 433 imaginis
831 371 1036 417 defectus
1077 378 1157 418 est.

1233 372 1412 418 Horum
1445 374 1569 419 viro-

187 455 288 485 rum
334 439 548 484 mentioni
597 439 633 484 si
688 441 787 500 quis
842 440 1064 500 quaesisse
1111 457 1186 487 me
1237 441 1358 487 dicet
1400 442 1571 500 locum,

187 509 404 553 fatentem
438 513 615 568 arguet.
681 510 843 570 Neque
877 510 994 555 enim
1027 511 1165 558 iustus
1199 510 1293 556 sine
1324 511 1572 559 ‘mendacio

190 576 363 624 candor
396 577 522 636 apud
558 578 703 624 bonos
739 579 911 625 crimini
945 586 1022 626 est.
1191 582 1194 586 ’

329 645 463 691 ΟΑΡ.
501 645 688 693 CXVII.
736 649 933 694 Tantum
986 645 1112 708 quod
1166 647 1370 693 ultimam
1417 647 1571 709 impo-

159 719 166 739 ³
191 721 341 760 suerat
385 716 644 762 Pannonico
690 733 746 765 ac
790 718 1047 764 Dalmatico
1090 716 1217 762 bello
1263 717 1430 762 Caesar
1473 734 1574 763 ma-

190 799 325 840 num,
368 799 499 841 cum,
543 787 658 831 intra
699 787 897 847 quinque
931 786 1227 834 consummati
1273 787 1382 831 tanti
1424 788 1576 848 operis

192 853 313 909 dies,
365 854 568 900 funestae
605 871 660 902 ex
703 857 949 916 Germania
993 855 1234 916 epistolae,
1292 855 1410 902 caesi
1451 857 1576 914 Vari,

192 922 604 984 trucidatarumque
652 927 885 986 legionum
928 926 1102 980 trium‚-
1151 924 1434 984 totidemque
1476 926 1575 970 ala-

193 1007 319 1048 rum,
365 999 411 1037 et
444 1009 521 1039 sex
552 993 839 1050 cohortium3
880 995 1007 1041 velut
1040 995 1085 1040 in
1115 992 1212 1040 hoc
1249 994 1437 1039 salutem
1475 1001 1576 1040 tan-

192 1062 432 1108 tummodo
485 1063 749 1125 indulgente
802 1065 932 1111 nobis
984 1063 1188 1122 fortuna,
1240 1077 1300 1108 ne
1350 1071 1578 1125 occupato
1619 1066 1622 1069 '

241 1227 383 1257 evectae
414 1223 452 1257 in
491 1224 698 1260 altissimum
719 1229 855 1271 ‘pater-

194 1280 344 1314 numque
369 1271 561 1316 fastigium
588 1273 769 1318 imaginis.
808 1272 854 1307 11.

195 1316 254 1350 27.
271 1316 304 1350 5.
326 1317 494 1362 hodieque
512 1323 616 1352 tanta
630 1320 744 1363 patris
764 1319 855 1353 ima·

195 1363 282 1408 gine
304 1374 374 1396 non
397 1364 602 1400 obscuratur
629 1366 703 1400 eius
729 1376 856 1399 memo-

195 1410 264 1445 ria.
296 1409 422 1453 quibus
455 1410 544 1445 locis
589 1415 660 1446 una
698 1414 857 1455 superest

196 1456 288 1490 ratio
324 1456 422 1491 vocis
451 1457 575 1504 imago
607 1458 855 1500 defendendae,

194 1501 226 1536 si
256 1513 335 1536 eam
367 1502 520 1547 accipias
550 1515 620 1539 non
651 1516 717 1549 pro
750 1503 856 1539 nobi-

196 1548 297 1583 litate
340 1560 384 1583 ex
425 1550 639 1594 maioribus,
684 1551 744 1585 sed
791 1562 856 1595 pro

199 1596 401 1639 splendore,
436 1597 582 1639 decore,
615 1598 856 1642 amplitudine,

199 1653 291 1685 quae
332 1654 375 1676 ex
404 1644 519 1678 >rebus
562 1644 659 1679 domi
705 1644 858 1688 bellique

198 1688 289 1723 bene
318 1688 428 1733 gestis
459 1690 637 1732 nascitur-h
675 1691 779 1726 Certe
809 1690 860 1724 sic

199 1736 368 1770 sumenda
400 1735 540 1773 videtur
569 1737 663 1782 apud
687 1737 765 1772 Liv.
796 1738 857 1772 m.

198 1781 257 1816 72.
302 1782 444 1817 Clarum
488 1784 556 1818 hac
581 1787 664 1829 sore
700 1785 858 1830 imagine

199 1829 397 1873 Scaptium.-
450 1831 615 1875 populum
661 1832 859 1865 Romanum

199 1875 484 1919 quadruplatoris
535 1881 570 1911 et
619 1877 858 1922 interceptoris

200 1922 272 1955 litis
301 1923 440 1956 alienae
469 1934 655 1968 personam
691 1925 857 1958 laturum.

201 1968 390 2013 Fulgorem
437 1970 559 2003 eadem
602 1970 859 2014 significatione

201 2015 354 2049 Velleius
386 2015 473 2050 alibi
503 2016 598 2052 dicit.
630 2018 671 2051 ll.
695 2017 728 2050 4.
765 2017 859 2058 Vita,

202 2073 293 2106 quae
334 2063 466 2097 nullius
509 2064 558 2097 ad
604 2064 642 2098 id
684 2064 860 2109 temporis,

199 2113 447 2153 praeterquam
471 2110 567 2144 avito
587 2112 753 2155 fulgore,
784 2110 861 2143 vin-

203 2159 348 2189 ceretur.
395 2155 452 2190 99.
509 2168 554 2190 ne
605 2158 733 2201 fulgor
781 2167 863 2190 suus

204 2201 389 2236 orientium
423 2203 586 2238 iuvenum
614 2204 768 2238 obstaret
798 2203 867 2237 im·-

206 2248 278 2282 tiis.

252 2328 412 2374 desectus
448 2334 512 2364 est.
545 2328 623 2364 Non
655 2329 719 2363 tali
742 2328 869 2363 verbo-

205 2385 284 2409 rum
317 2377 436 2422 inopia
466 2377 619 2410 Velleius
667 2376 866 2416 laborabat,

206 2426 247 2456 ut
267 2421 360 2458 idem
383 2424 530 2458 verbum
554 2427 628 2457 tam
651 2422 751 2456 brevi
784 2432 867 2465 spa-

206 2468 257 2502 tio
280 2474 464 2515 repeteret.
493 2470 580 2504 Vide
602 2480 693 2513 quae
715 2468 866 2502 diximus

208 2516 252 2549 nd
283 2517 309 2550 1.
341 2517 376 2551 9.
408 2516 444 2550 4,
488 2518 598 2551 Recte
631 2515 742 2559 igitur
772 2515 867 2549 Bur-

208 2573 356 2597 mannus
377 2562 485 2608 legit:
509 2564 671 2606 deceptus
693 2566 764 2602 est,
790 2561 815 2595 i.
835 2571 866 2594 e.

208 2610 417 2651 frustratus,
451 2609 636 2644 destitutus
667 2613 719 2643 est
750 2609 867 2642 fructu

208 2660 276 2691 etc.
313 2658 431 2700 Quam
462 2656 562 2690 verbi
597 2655 670 2690 vim
703 2654 773 2689 viri
803 2654 867 2687 do-

138 2731 141 2733 .
207 2702 255 2736 cti
290 2702 450 2736 certatim
484 2703 725 2743 illustrarunt,
755 2700 865 2744 inpri-

209 2749 277 2783 mis
307 2749 471 2784 Pricaeus
504 2749 549 2783 ad
581 2747 744 2793 Appulei.
778 2748 864 2782 Met.

921 1224 1014 1260 vm.
1054 1234 1078 1268 p

922 1271 967 1307 ad
990 1271 1028 1305 h.
1052 1271 1078 1304 1.

969 1319 1003 1360 §.
1038 1316 1073 1353 5.
1122 1316 1274 1359 Quorum
1318 1315 1472 1350 virorum
1512 1318 1580 1352 etc.

923 1363 1060 1407 Opinoi·
1091 1362 1282 1408 legendum
1295 1386 1307 1405 ‚
1342 1362 1465 1396 horum
1485 1363 1580 1397 viro-

922 1409 1583 1511 2332„}„“3”22²;2¹r23’¹a33213¹z¹’21·33

922 1515 1001 1538 rum
1026 1513 1179 1536 virorum
1201 1506 1269 1537 etc.

970 1559 1105 1595 crimini
1124 1565 1186 1594 est.
1216 1560 1369 1594 Tantum
1387 1559 1478 1604 quod
1499 1559 1584 1593 ulti—-

924 1618 1019 1642 mam
1042 1610 1107 1643 etc.
1137 1606 1219 1640 Edit
1241 1618 1294 1651 pr.
1328 1616 1440 1651 prava
1462 1605 1585 1640 (listin-

925 1654 1059 1689 ctione:
1083 1653 1220 1687 crimini
1239 1658 1301 1694 est,
1324 1657 1462 1687 tantum
1479 1652 1584 1697 quod.

930 1701 1098 1741 Ultimum
1137 1701 1349 1744 imposuerat
1378 1702 1446 1734 etc.
1477 1709 1585 1743 quam

924 1747 1017 1783 Edit.
1038 1743 1148 1781 Basil.
1178 1745 1340 1781 mutavit.

972 1805 1073 1839 CAP.
1106 1803 1244 1838 cxvll.
1281 1805 1314 1846 §.
1347 1803 1384 1838 1.
1417 1813 1458 1837 ex·
1496 1803 1585 1837 Ger-

925 1851 1047 1886 mania
1075 1851 1221 1892 literae,
1261 1846 1356 1884 cae'si
1395 1849 1482 1883 Vari
1517 1853 1586 1884 etc.

925 1899 1038 1933 Tetus
1079 1897 1139 1931 hic
1179 1898 1276 1931 locus
1308 1895 1417 1930 variis
1453 1895 1588 1930 lacunis

925 1945 1053 1978 misere
1078 1943 1238 1978 foedatus
1270 1945 1342 1983 est3
1377 1941 1478 1976 cuius
1509 1952 1587 1975 sen-

925 2002 1005 2026 sum
1027 1989 1167 2024 facilius
1190 2000 1252 2033 per
1269 1987 1438 2023 historiae
1460 1987 1587 2022 seriem

926 2036 1099 2081 reperias,
1123 2046 1231 2080 quam
1253 2036 1362 2070 verba
1384 2046 1405 2069 e
1426 2035 1515 2080 fuga
1530 2045 1587 2069 re-

927 2084 1134 2129 prehendas.

975 2140 1071 2174 velut
1099 2140 1136 2174 in
1164 2140 1228 2175 hoo
1260 2139 1410 2173 salutem
1436 2142 1588 2174 tantum-

936 2187 1037 2221 modo
1064 2190 1130 2221 etc.
1164 2185 1294 2221 Mutila
1332 2184 1503 2219 Editionis
1534 2196 1589 2229 pr.

936 2233 1110 2277 scriptura
1131 2234 1220 2267 haec
1242 2236 1312 2267 est:
1346 2232 1441 2266 velut
1464 2233 1502 2266 in
1526 2232 1589 2266 hoc

1080 1233 1139 1270 ag.
1171 1221 1254 1259 166.
1289 1225 1326 1259 et
1354 1222 1580 1260 Burmannus

906 2280 914 2284 ⁷
935 2282 1079 2320 saltem,
1127 2278 1364 2314 tantummodo
1406 2278 1502 2312 nobis
1534 2278 1590 2312 in-

935 2327 1103 2371 dulgente
1138 2329 1309 2371 fortuna,
1349 2335 1395 2358 ne
1426 2329 1592 2368 occupato

936 2374 1077 2415 ducem,
1100 2377 1134 2406 et
1159 2383 1267 2406 causa
1288 2382 1437 2416 persona
1455 2382 1589 2404 moram

935 2420 1057 2464 exigit.
1101 2419 1260 2454 Primum
1283 2429 1347 2461 pro
1367 2418 1491 2452 saltem
1508 2427 1590 2451 cum

933 2464 1114 2510 Schegkio
1167 2464 1370 2508 scripsimus
1427 2465 1589 2505 salutem,

933 2523 1017 2547 mox
1039 2517 1203 2556 occupato
1227 2512 1312 2546 duce
1339 2521 1420 2544 cum
1443 2509 1591 2544 Editore

933 2558 1045 2593 Basil.
1085 2557 1241 2601 Denique
1281 2556 1419 2601 Lipsius
1453 2555 1592 2591 videtur

934 2606 1022 2639 bene
1052 2605 1262 2639 correxisse:
1303 2604 1365 2638 sed
1406 2613 1515 2637 causa
1556 2605 1592 2637 et

930 2663 1080 2696 persona
1125 2662 1260 2685 moram
1301 2649 1422 2696 exigit.
1463 2649 1592 2683 Sensus

933 2698 1028 2732 haud
1059 2697 1167 2732 dubie
1197 2697 1228 2731 is
1260 2701 1333 2740 est,
1370 2706 1475 2739 quem
1504 2695 1591 2730 Vos·
1647 2692 1649 2694 ’

932 2744 1004 2780 sius
1027 2755 1070 2779 ex
1090 2744 1231 2780 Sueton.
1255 2743 1339 2778 Tib.
1360 2742 1418 2778 17.
1441 2740 1544 2777 eruit.

1721 2735 1724 2740 ⁴
1716 2634 1728 2714 ’.ιο-ιιι
1714 2564 1728 2620 hu.
1717 2450 1728 2549 mnas.-
1717 2411 1725 2431 -ι-
1722 2323 1728 2379 ,Α.-..
1724 2294 1728 2305 ,Δ
1711 2263 1728 2270 F
1720 2198 1728 2225 ,ι
