1728 3054
235 182 408 245 mxxxiv
576 189 867 245 ιἰιιΝιιιοι
914 199 1263 243 nonwELLl

235 317 342 358 'Inde
370 320 462 371 post
489 312 698 358 biennium
721 312 772 368 *).
801 314 844 355 in
872 315 1014 355 urbem
1043 314 1189 364 rediit,
1217 314 1361 357 eodem
1389 316 1495 356 teste
1518 314 1620 356 Sue-

241 375 366 415 tonio.
424 373 530 412 'lum
559 374 720 412 demum
748 370 818 428 **)
850 372 930 412 iam
959 372 1121 426 pridem
1146 373 1350 420 debitum,
1390 373 1465 412 sed
1482 373 1620 418 conti-

240 422 429 471 nuatione
456 429 654 470 bellorum
683 427 873 478 dilatum,
911 442 962 469 ex
999 426 1216 469 Pannoniis
1243 401 1521 483 Delmatisque
1547 429 1621 469 tri-

241 487 435 553 umphum
474 486 608 537 egisse
646 489 784 526 noster
820 485 962 526 itidem
1003 486 1141 526 docuit
1169 485 1363 527 Velleius.
1419 485 1495 525 His
1524 497 1622 551 ergo

242 544 356 583 annis
395 554 541 583 annum
573 542 775 594 integrum
813 542 994 583 Romae
1005 542 1155 583 Noster
1190 543 1334 583 adesse
1370 554 1451 582 non
1477 545 1622 595 p'otult,

242 600 277 639 si
306 585 469 650 quidem
498 599 729 638 continuum
768 611 860 654 cum
889 596 1057 639 Tiberio
1087 599 1218 651 egerit
1246 599 1498 640 novennium.
1528 596 1620 654 ***)

246 655 588 707 Triumphantem
631 642 843 697 Tiberium
885 654 1067 709 Velleius
1115 656 1206 709 ipse
1254 668 1345 695 cum
1381 655 1510 695 fratre
1547 667 1622 694 suo

243 711 383 765 Magio
413 713 624 752 comitatus
663 717 751 762 est,
787 712 893 751 inter
930 712 1168 766 praecipuos
1202 711 1512 765 praecipuisque
1549 710 1685 751 do-

245 768 307 807 nis
346 767 561 808 adornatos
600 768 719 808 ‘vir-os.
793 768 907 809 Dona
950 767 1142 821 intelligit
1190 768 1400 835 militaria,
1436 779 1620 819 coronas,

242 824 404 873 hastas,
444 825 611 874 ιεΧίΙΙα,
649 824 824 865 armillas
863 829 940 868 etc.
1012 825 1120 866 Dare
1155 826 1263 866 enim
1299 825 1404 865 haec
1438 825 1622 864 solebant

243 877 438 921 militibus
475 882 581 921 bene
619 880 772 922 meritis
812 881 1094 934 Imperatores.
1150 881 1288 934 thue
1317 882 1422 921 dona
1449 882 1517 920 illa
1545 881 1620 920 mi-

242 937 380 978 litibus
411 942 644 978 ornamento
675 942 812 986 erant;
851 939 910 978 sic
947 939 1035 978 vice
1062 943 1179 978 versa
1211 936 1457 991 triumphum
1492 937 1620 990 ipsius

243 994 503 1046 Imperatoris
537 995 731 1035 ornabant
773 996 889 1035 donis
925 995 1153 1036 istiusmodi
1191 996 1323 1034 ornati
1359 994 1532 1042 milites,
1568 1005 1620 1033 eo

242 1051 431 1091 nimirum
472 1047 753 1091 illustriorem
776 1049 979 1100 futurum,
1029 1059 1106 1104 quo
1147 1051 1263 1103 plura
1301 1051 1543 1112 apparerent
1577 1047 1621 1089 in

242 1120 391 1160 pompa
427 1107 554 1156 dona,
604 1112 648 1147 et
697 1109 812 1148 donis
856 1109 1038 1160 insigniti
1073 1108 1236 1148 milites.
1308 1107 1365 1147 Et
1403 1118 1500 1154 sane
1524 1105 1621 1146 fra-

243 1168 349 1204 trem
378 1161 496 1219 ****)
527 1178 642 1204 suum
680 1164 862 1216 Magium
903 1165 1091 1206 Celerem
1130 1165 1355 1204 adiutorem
1395 1162 1551 1203 Tiberii
1578 1164 1621 1202 in

242 1220 350 1260 bello
381 1219 602 1261 Delmatico
639 1220 843 1269 celebrat,
888 1223 949 1262 uti
986 1222 1180 1269 vidimus,
1216 1221 1306 1274 ipse
1334 1213 1538 1268 Velleius,
1578 1223 1621 1258 et

243 1276 402 1317 Tiberii
427 1275 553 1328 ipsius
581 1278 788 1331 patrisque
817 1279 989 1331 Augusti
1016 1278 1228 1330 magnifica
1257 1277 1310 1317 de
1336 1276 1408 1317 illo
1436 1277 1620 1316 testimo-

235 1333 328 1372 nia.
358 1333 481 1372 immo
512 1334 687 1374 honores
723 1335 872 1384 etiam,
902 1335 1046 1387 quibus
1081 1333 1331 1387 triumphans
1369 1342 1462 1372 eum
1497 1332 1620 1372 Tibe-

241 1389 325 1429 rius
356 1389 581 1439 donaverit,
623 1387 903 1442 amplissimos.
960 1392 1049 1431 Nec
1077 1404 1149 1431 sua
1177 1403 1335 1444 quoque
1368 1390 1514 1438 tacuit,
1543 1402 1620 1441 qua

243 1445 358 1485 licuit
391 1459 465 1498 per
506 1448 768 1501 modestiam,
811 1449 980 1498 merita,
1020 1448 1198 1505 duQet
1235 1460 1281 1487 se
1317 1456 1477 1499 quoque
1516 1446 1619 1485 mili

243 1506 328 1542 tem
355 1500 407 1558 †)
443 1504 657 1556 profitetur
683 1497 864 1558 'liberii‚
900 1505 1156 1557 legatumque
1183 1504 1336 1557 pariter
1360 1507 1482 1555 atque
1510 1499 1619 1542 adiu-

244 1562 389 1599 torem.
448 1559 575 1600 Immo
611 1559 748 1600 militis
781 1562 943 1601 nomine
975 1559 1250 1616 adiutorisque
1279 1561 1358 1611 hoc
1393 1561 1547 1612 ipsum,
1577 1558 1620 1598 ni

243 1615 389 1667 fallor,
415 1615 638 1666 intellexit,
678 1618 785 1668 quod
813 1615 1020 1658 victoriam
1055 1618 1141 1658 eius
1173 1608 1391 1670 adiuverit,
1430 1616 1621 1656 militum·
1683 1624 1685 1629 ’

245 1684 324 1723 que
352 1672 394 1711 in
422 1674 602 1725 trumphi
637 1679 831 1740 apparatu
866 1675 1081 1726 insignium
1113 1684 1216 1714 unus
1251 1647 1391 1714 fuerit.
1445 1673 1620 1713 Refere—

243 1728 391 1768 bantur
421 1729 529 1768 enim
567 1729 618 1769 ad
654 1731 845 1780 invicem,
885 1745 959 1783 pro
987 1732 1094 1770 illius
1125 1731 1212 1770 aevi
1241 1739 1450 1779 sermone,
1479 1729 1618 1769 militis

242 1796 389 1825 nomen
419 1788 541 1836 atque
574 1785 873 1852 Imperatoris.
903 1787 1013 1838 Ergo
1046 1787 1202 1826 Romae
1235 1787 1375 1826 aderat
1406 1786 1448 1825 in
1477 1787 1619 1824 trium-

238 1836 326 1893 pho
362 1835 539 1890 Tiberii,
577 1852 658 1881 non
698 1839 886 1889 Tiberius
925 1842 1131 1882 dumtaxat
1174 1843 1287 1894 ipse,
1325 1855 1463 1882 verum
1495 1843 1618 1881 etiam
1658 1866 1662 1876 ι

243 1895 448 1945 Velleius,
487 1910 591 1937 anno
619 1898 807 1937 nimirum
836 1898 1086 1938 Varroniano
1111 1899 1208 1941 765.
1263 1899 1363 1938 Cum
1399 1899 1506 1939 enim
1546 1898 1619 1937 de·

243 1958 480 1993 cerneretur
513 1954 740 2011 triumphus
774 1954 1034 2006 Imperatori,
1074 1955 1117 1994 id
1153 1968 1312 2007 quoque
1352 1955 1516 1994 decerni
1552 1967 1617 1994 so·
1634 1959 1641 1963 “

242 2009 375 2059 lebat,
402 2014 449 2050 ut
477 2010 766 2069 deportaretur
793 2012 897 2051 bene
926 2012 1091 2051 meritus
1118 2012 1159 2051 in
1189 2013 1359 2065 patriam
1388 2011 1615 2051 exercitus:

242 2069 326 2106 tam
361 2064 536 2118 scilicet,
574 2071 619 2107 ut
656 2071 786 2107 testes
823 2069 1012 2108 adessent
1049 2081 1185 2108 rerum
1220 2072 1446 2119 gestarum,
1494 2078 1614 2119 quam

242 2123 365 2163 etiam
414 2126 460 2163 ut
505 2122 753 2178 triumphum
797 2129 987 2164 ornarent
1032 2122 1285 2177 imperatoris
1332 2129 1394 2164 tot
1444 2124 1616 2164 militum
1662 2172 1674 2174 -

243 2179 366 2226 etiam
398 2180 643 2232 privatorum
680 2181 840 2221 decora.
905 2181 1029 2234 Atqui
1064 2182 1162 2221 nulli
1193 2182 1324 2221 adhuc
1357 2181 1526 2228 Velleii,
1573 2181 1616 2221 iu

239 2235 322 2284 hoc
357 2236 583 2289 triumpho,
631 2242 903 2278 memorantur
934 2238 1109 2279 honores
1147 2238 1214 2278 alii
1254 2251 1372 2290 quam
1407 2238 1614 2278 militares.

238 2292 296 2333 Et
320 2295 456 2335 tamen
483 2295 695 2335 senatoriis
725 2295 847 2336 etiam
875 2294 1096 2337 honoribus
1126 2295 1290 2350 egregia
1316 2295 1358 2336 in
1382 2294 1523 2335 militia
1552 2293 1614 2335 fa-

326 2488 370 2558 L)
392 2482 639 2543 Sueten-‘Tib
661 2495 737 2533 cap.
761 2482 819 2522 2⁰.

329 2534 653 2624 *3)Vv‘⁷³·¹2¹1·1.¹3¹13321ff¹‘
944 2619 946 2621 ,

214 2661 219 2684 ¹
328 2624 426 2670 ****)
449 2627 541 2682 Veu.
565 2626 629 2661 lib.
652 2627 696 2662 11.
721 2632 796 2670 cap.
819 2621 900 2662 115.

324 2671 371 2718 †)
392 2673 482 2708 ven.
505 2674 567 2710 hb,
589 2672 633 2710 11.
657 2685 734 2720 cap.
757 2673 839 2710 1⁰4.
901 2693 914 2695 -
