1728 3054
257 193 337 230 cvl
588 185 870 229 NOTITIA
908 184 1314 230 LITTERAMA

254 302 312 343 sis
336 311 476 342 earum
499 299 801 350 communibus,
828 299 914 340 slve
939 300 982 356 in
1008 300 1226 340 communi
1245 313 1382 342 rerum
1403 300 1636 342 hominum-

253 370 337 410 que
365 359 530 402 natura,
566 355 651 394 sive
684 355 727 394 in
763 355 952 397 fortunae
987 357 1155 397 arbitrio
1186 357 1294 407 sitis,
1333 355 1470 414 (v.c.
1504 358 1633 400 1.12.

256 419 359 455 extr.
390 410 771 466 11.3o.57.118.)
802 414 970 455 erudiat.
1007 414 1098 465 Quo
1125 418 1259 454 autem
1285 414 1365 454 hoc
1389 426 1516 466 genus
1540 426 1636 454 sen-

254 469 472 513 tentiarum
502 468 677 508 maxime
707 471 1012 510 commendatur
1032 470 1238 519 acumine,
1276 470 1320 511 id
1349 463 1555 522 quaesivit
1572 470 1634 510 iu·-

208 550 210 554 »
253 525 396 593 primis
422 522 606 564 Velleius
637 525 677 564 in
706 526 934 578 antithetis,
962 527 1003 566 in
1031 528 1174 580 quibus
1203 527 1304 567 illud
1332 526 1532 567 contraria
1555 527 1634 567 sibi

253 582 452 631 invicem,
482 585 525 621 et
554 581 716 633 quidem
745 596 824 622 non
862 584 1035 626 cuiusvis
1073 584 1201 636 oculis
1229 584 1367 630 obvia,
1405 583 1634 636 deprehen·

254 638 414 688 dendo,
455 638 738 690 perspiciendo
769 644 812 680 et
846 641 1122 681 concinnando
1149 654 1241 681 sese
1268 641 1419 708 prodit:
1474 639 1632 679 Eadem

253 695 358 735 haec
390 695 588 735 antitheta
622 700 793 747 regnant
824 709 983 749 quoque
1017 698 1058 737 in
1085 702 1173 737 toto
1206 697 1415 749 scriptoris
1443 697 1633 737 narrandi

253 764 431 805 genere,
461 763 497 792 v
525 764 563 793 c.
594 751 644 793 ll.
678 753 715 792 1.
744 767 803 806 pr.
830 756 870 796 5.
896 758 965 797 49.
994 758 1061 796 84
1092 758 1190 797 117.
1249 754 1367 806 Quod
1401 766 1498 794 vero
1530 753 1631 811 scri·

249 809 436 865 ptoribns
463 808 645 848 acumina
672 809 790 849 nimis
821 811 1073 863 captantibus
1096 811 1283 851 accidere
1311 811 1436 859 solet,
1465 814 1511 850 ut
1531 822 1631 850 non·

250 877 455 917 nunquam
479 870 737 917 argutentur,
771 867 956 918 adeoque
985 868 1027 907 in
1049 868 1176 918 frigus
1202 868 1385 920 putidum
1408 871 1451 906 et
1472 866 1630 920 puerile

249 923 454 972 incidant,
499 921 540 960 id
579 935 738 974 quoque
771 923 930 964 Velleio
969 924 1151 973 obvenit3
1186 925 1266 964 vid.
1300 925 1334 965 1.
1369 927 1438 966 16.
1475 926 1541 966 18.
1579 922 1629 963 11.

248 983 288 1023 4.
317 982 385 1022 22.
429 979 579 1019 Contra
619 980 867 1020 concinnitas
899 981 1115 1032 orationis,
1150 981 1503 1031 membrorumque
1532 991 1629 1019 con·

247 1036 457 1089 gruentia,
487 1036 594 1087 quod
624 1049 752 1088 genus
782 1042 846 1077 est
866 1039 1090 1078 ornamenti
1117 1038 1358 1086 oratorium,
1387 1037 1532 1088 cuique
1557 1049 1630 1076 na-

248 1094 391 1134 turalis
414 1106 550 1132 comes
573 1098 638 1133 est
663 1095 860 1133 oratorius
891 1107 1105 1146 numerus,
1135 1108 1158 1134 a
1188 1093 1347 1135 Velleio
1355 1124 1384 1145 ,Ι
1401 1094 1443 1133 in
1465 1097 1629 1133 senten-

247 1151 317 1191 tiis
341 1149 632 1201 antithetisque
654 1152 838 1200 maxime,
856 1152 1078 1200 observata,
1110 1164 1228 1191 verae
1255 1151 1294 1191 ei
1322 1151 1432 1190 laudi
1453 1150 1626 1193 ducitur.

364 1206 589 1246 Dictionem
617 1213 828 1259 praeterea
851 1213 1029 1248 sectatur
1047 1208 1250 1258 Velleius,
1281 1221 1361 1247 nou
1381 1207 1508 1246 solum
1534 1219 1627 1258 gra-

236 1262 474 1313 ¹desimam,
516 1264 590 1303 sed
622 1277 782 1315 quoque
813 1266 1075 1316 exquisitam,
1110 1279 1132 1304 a
1169 1265 1322 1316 vulgari
1350 1264 1625 1314 recedentem,

247 1324 291 1360 et
331 1319 548 1359 insolentia
587 1333 633 1359 ac
674 1321 850 1360 novitate
884 1322 1060 1362 lectores
1102 1322 1372 1369 afficientem,
1425 1334 1543 1372 quam
1582 1323 1624 1360 et

246 1380 431 1417 oratores
458 1377 523 1415 vel
548 1376 790 1425 delectandi,
821 1378 883 1417 vel
910 1379 1031 1418 animi
1059 1391 1201 1418 sensus
1228 1378 1385 1430 plenius
1410 1384 1453 1416 et
1476 1377 1623 1416 fortius

244 1433 502 1485 exprimendi
535 1434 685 1485 gratia,
724 1439 931 1486 quaerunt.
997 1436 1122 1486 Quasi
1154 1434 1260 1474 enim
1295 1434 1470 1486 vulgaris
1499 1434 1623 1473 dictio

243 1490 377 1542 impar
404 1495 515 1530 esset
549 1491 812 1542 magnitudini
849 1504 1039 1531 sensuum
1081 1498 1200 1543 atque
1227 1491 1528 1540 vehementiae,
1559 1489 1623 1529 vel

245 1559 347 1586 nova
373 1547 564 1586 vocabula
589 1554 632 1587 et
661 1548 821 1587 dicendi
849 1548 1041 1588 formulas
1066 1548 1238 1597 invenit,
1268 1561 1306 1588 v.
1339 1561 1372 1588 c.
1406 1548 1439 1588 Ι.
1470 1550 1512 1588 6.
1548 1560 1623 1587 ea·-

245 1603 477 1649 celsissime
498 1605 682 1654 floruit,·
720 1604 766 1644 ΙΙ.
800 1607 869 1646 35.
908 1605 1114 1645 altissime
1146 1605 1420 1652 illuminavit;
1461 1604 1512 1644 11.
1550 1606 1620 1645 (54.

246 1673 295 1706 os
315 1660 711 1712 fulgentissimum;
747 1661 811 1701 vel
848 1662 1142 1713 frequentativa
1173 1663 1295 1701 verba
1325 1661 1530 1714 praetulit,
1557 1659 1622 1699 vel

244 1716 297 1755 ad
327 1717 526 1768 poeticam
556 1717 717 1757 dicendi
744 1719 941 1758 rationem
970 1719 1200 1766 adscendit;
1228 1732 1264 1758 v.
1295 1731 1328 1758 c.
1359 1718 1388 1757 1.
1423 1721 1488 1760 16.
1515 1722 1620 1758 extr.

245 1775 312 1815 18.
344 1778 444 1811 extr.
468 1773 518 1813 11.
545 1777 585 1815 4.
606 1778 674 1815 21.
698 1778 765 1815 59.
784 1780 885 1814 extr.
911 1779 980 1816 (56.
1002 1779 1071 1817 69.
1101 1781 1205 1815 extr.
1262 1774 1320 1814 Ut
1347 1787 1442 1814 vero
1475 1774 1621 1813 dictio-

243 1830 307 1869 nis
343 1829 556 1873 insolentia
596 1828 772 1870 suaviter
806 1831 990 1870 afficeret
1027 1831 1220 1881 lectores,
1273 1830 1342 1882 qui
1364 1843 1474 1870 nove
1511 1831 1619 1870 dicta

244 1890 332 1926 tum
363 1885 473 1925 forte
510 1887 715 1937 amabant,
755 1888 928 1939 captavit
963 1887 1027 1926 vel
1063 1889 1256 1928 vocabula
1286 1891 1368 1926 no‘n
1400 1887 1615 1927 admodum

243 1942 522 1994 frequentata,
562 1943 664 1982 adeo
701 1944 944 1995 antiquiores
972 1944 1138 1983 aliorum
1169 1945 1344 1994 formas,
1386 1944 1448 1983 vel
1490 1944 1618 1983 rario-

239 2012 308 2046 res
333 2011 409 2038 uec
431 1999 551 2050 vulgo
583 2001 719 2040 obvias
745 2001 1081 2052 significationes,
1111 2001 1176 2040 vel
1201 2000 1501 2041 insolentiorem
1527 2013 1617 2040 ver-

238 2057 383 2096 borum
409 2055 473 2094 vel
502 2057 764 2108 cogitatione,
808 2057 872 2097 vel
913 2058 1172 2108 grammatica
1205 2058 1361 2097 ratione
1396 2058 1616 2109 iungendo.

238 2126 328 2152 rum
362 2113 539 2152 modum.
597 2113 741 2165 Neque
778 2118 989 2153 contentus
1023 2115 1063 2154 in
1099 2115 1296 2156 sermonis
1342 2114 1513 2154 Romani
1549 2127 1616 2153 ve-

239 2169 371 2221 stigiis
398 2169 614 2221 institisse,
652 2171 694 2209 in
726 2170 973 2210 Graecorum
1008 2184 1167 2223 quoque
1204 2171 1395 2211 ditionem
1428 2175 1615 2222 evagatu-

238 2230 328 2275 est,
358 2225 581 2278 decerpens
607 2227 703 2266 inde
734 2240 813 2266 non
849 2227 979 2266 solum
1009 2229 1213 2267 nominum
1247 2228 1500 2279 propriorum
1530 2227 1615 2266 for-

236 2295 348 2332 ωας,
379 2283 617 2335 scripturam
641 2287 684 2323 et
710 2283 945 2332 flexionem,
976 2286 1049 2325 sed
1075 2285 1197 2324 etiam
1231 2284 1419 2336 loquendi
1447 2290 1490 2323 et
1517 2296 1614 2323 con-

232 2339 420 2379 struendi
455 2341 578 2379 verba
618 2341 795 2380 rationes
831 2340 1006 2380 Graecas
1051 2341 1256 2381 affectans.
1323 2340 1440 2392 Quod
1479 2345 1614 2380 tamen

236 2409 319 2435 non
349 2397 437 2437 sine
461 2397 640 2450 priorum
672 2397 888 2450 exemplis,
918 2397 992 2437 sed
1026 2398 1190 2438 nimium
1220 2397 1359 2451 magis
1375 2398 1611 2448 caventium,

233 2453 347 2493 fecit.

348 2510 595 2561 Quamquam
628 2504 800 2561 oratoris
835 2514 920 2558 est,
967 2524 1041 2563 pro
1077 2524 1266 2552 sensuum
1300 2514 1342 2550 et
1378 2510 1611 2549 adfectuum

233 2565 377 2615 modo,
418 2567 481 2614 vel
517 2567 775 2615 brevitatem,
810 2568 874 2606 vel
901 2568 1056 2620 copiam
1084 2568 1246 2607 dicendi
1278 2566 1493 2617 adhibere,
1523 2579 1610 2606 eas-

235 2635 316 2674 que
339 2621 538 2664 Velleium
567 2637 724 2676 quoque
750 2624 792 2663 in
821 2637 944 2676 opere
970 2625 1269 2666 commiscuisse
1298 2625 1495 2664 diximus:
1525 2636 1608 2662 ma-

233 2680 296 2729 gis
322 2683 456 2718 tamen
487 2681 609 2721 breve
639 2681 799 2725 dicendi
826 2693 952 2732 genus
980 2682 1018 2721 ei
1051 2682 1222 2733 placuit,
1252 2694 1325 2721 seu
1349 2681 1609 2721 festinatione

233 2740 278 2777 et
304 2736 519 2783 velocitate
546 2738 802 2792 cogitationis
829 2738 882 2779 nd
912 2739 1263 2792 constringendam
1287 2738 1510 2780 orationem
1535 2736 1608 2778 ad·
