1728 3054
227 227 286 269 20
524 218 570 258 C.
599 215 883 259 VELLEII
920 214 1316 262 PATERCULI

186 331 350 388 acffles
382 332 524 378 victor
560 330 711 376 extitit.
779 330 902 375 Tum
935 330 1123 376 Athenis
1157 335 1366 392 perpetui
1397 336 1608 382 Archon-

221 413 289 450 tes
330 417 425 446 esse
470 399 719 457 desierunt,
766 413 870 444 cum
916 398 1070 445 fuisset
1114 402 1290 446 ultimus
1334 404 1608 451 Alcmaeon:

223 475 561 531 coeperuntque
607 468 652 512 in
697 467 838 512 denos
882 483 1018 514 annos
1064 470 1217 515 creari.
1255 471 1385 526 Quae
1419 488 1609 519 consue-

223 540 335 586 tudo
371 539 417 583 in
452 551 590 582 annos
624 536 764 581 LXX.
800 538 977 582 mansit:
1013 553 1066 583 ac
1098 538 1265 583 deinde
1296 541 1446 585 annuis
1481 558 1609 588 com-

223 609 357 655 missa
400 612 467 650 est
509 606 838 664 magistratibus
873 621 989 667 resp.
1034 607 1106 651 Ex
1139 607 1214 663 iis,
1251 611 1328 666 qui
1364 609 1489 654 denis
1529 627 1610 656 an—-.

226 678 292 722 nis
327 676 641 737 praefuerunt,
676 675 846 735 primus
881 674 965 720 fuit
1000 674 1231 735 Charops,
1276 678 1456 723 ultimus
1490 681 1610 738 Ery-

183 746 341 798 4xias3
386 758 442 790 ex
486 743 661 799 annuis,
715 745 886 804 primus
929 743 1092 790 Creon.
1138 745 1274 790 Sexta
1319 746 1609 808 Olympiade,

223 820 329 876 post
371 812 463 858 duo
509 818 554 857 et
595 813 754 872 viginti
797 827 957 869 annos,
1008 828 1144 871 quam
1186 814 1333 873 prima
1376 818 1611 862 constituta

224 885 395 938 fuerat,
450 882 697 935 RomuluS‚
745 881 904 925 Martis
951 881 1090 936 filius,
1139 883 1255 927 ultus
1304 885 1481 930 iniurias
1525 887 1610 941 avi,

223 954 420 999 Romam
455 951 612 996 urbem
647 950 868 994 Parilibus
900 950 946 993 in
981 950 1155 997 Palatio
1190 953 1403 997 condidit.
1440 955 1482 998 A
1517 969 1610 1013 quo

223 1028 431 1082 tempore
472 1019 532 1064 ad
577 1034 657 1064 vos
703 1018 827 1064 Coss.
867 1018 967 1063 anni
1012 1024 1112 1064 sunt
1154 1019 1507 1071 DCCLXXXlI.
1554 1024 1610 1068 ld

227 1096 377 1137 actum
420 1078 550 1150 postl
568 1088 758 1133 Troiam
818 1093 999 1147 captam
1053 1088 1176 1132 annis
1221 1087 1611 1136 ccccxxxvfl.

187 1159 284 1206 5ld
329 1159 464 1220 gessit
507 1156 756 1212 Romulus,
810 1155 984 1201 adiutus
1017 1157 1269 1218 legionibus
1312 1159 1483 1215 Latini,
1541 1161 1611 1205 avi

227 1227 306 1275 sui.
341 1227 554 1272 Libenter
589 1226 708 1271 enim
741 1224 835 1280 his,
880 1225 959 1284 qui
999 1225 1061 1269 ita
1093 1225 1412 1285 prodiderunt,
1457 1243 1611 1274 acces-

227 1297 385 1343 serim:
421 1309 525 1342 cum
560 1295 687 1340 aliter
720 1294 900 1339 firmare
934 1295 1092 1339 urbem
1126 1309 1314 1351 novam,
1362 1302 1453 1340 tam
1499 1298 1611 1344 vici-

228 1366 295 1412 nis
339 1363 625 1422 Veientibus,
677 1362 860 1420 aliisque
904 1362 1124 1419 Etruscis,
1172 1377 1227 1409 ac
1261 1363 1459 1422 Sabinis,
1507 1381 1611 1411 cum

189 1432 403 1480 Gimbelli
435 1437 482 1477 et
513 1430 730 1492 pastorali
763 1445 898 1476 manu
939 1431 1013 1475 vix
1053 1431 1263 1490 potuerit.
1311 1433 1612 1492 Quamquam,

226 1504 318 1548 iam
352 1501 478 1561 asylo
511 1500 636 1548 facto
668 1501 783 1545 inter
817 1499 931 1544 duos
963 1499 1106 1555 lucos,
1141 1501 1272 1544 auxit.
1306 1501 1399 1547 Hic
1433 1511 1612 1548 centum

227 1572 436 1617 homines
471 1569 650 1632 electos⁸
683 1568 1029 1630 appellatusque
1063 1569 1239 1626 Patres,
1286 1569 1435 1615 instar'
1454 1571 1614 1617 habuit

229 1640 403 1688 consilii
434 1639 618 1699 publici.
675 1638 810 1684 Hanc
856 1637 1077 1697 originem
1120 1653 1286 1682 nomen
1319 1639 1612 1690 Patriciorum

228 1711 383 1756 habet.
451 1709 628 1771 Raptus
661 1707 886 1769 virginum
920 1707 1201 1752 Sabinarum.

954 1837 1012 1874 28.
1039 1836 1097 1874 43.
1125 1839 1351 1874 restituerunt
1372 1839 1546 1876 Meursius
1569 1841 1613 1875 de

954 1885 1123 1919 Archont.
1148 1886 1176 1919 Ι.
1211 1885 1245 1919 8.
1279 1890 1314 1920 et
1340 1886 1414 1920 alii.

1002 1942 1077 1985 §.4.
1102 1942 1425 1978 DCCCCLXXXD.
1450 1943 1508 1977 Sic
1519 1943 1612 1978 Edit.

955 1999 1010 2032 pr.
1042 1989 1224 2030 mendose,
1276 2000 1339 2033 pro
1380 2001 1448 2033 quo
1493 1990 1613 2024 Editor

955 2033 1065 2068 Basil.
1095 2035 1414 2070 Dccccnxxxv.
1451 2036 1536 2070 Vide
1559 2037 1613 2070 in-

955 2082 1132 2124 terpretes.

229 1842 288 1878 31.
303 1844 339 1877 et
354 1839 413 1877 32.
436 1841 598 1885 Quorum
616 1840 778 1875 locorum
800 1839 889 1875 scri-

230 1893 373 1935 pturam
411 1899 456 1922 ne
505 1887 584 1931 quis
627 1886 665 1920 in
711 1891 894 1931 corrupte--

231 1936 291 1970 lae
313 1933 544 1978 suspicionem
565 1935 690 1973 vocet,
714 1933 814 1974 sciat,
837 1932 889 1966 sic

229 1981 270 2017 in
310 1983 485 2025 spectatae
521 1979 604 2013 fidei
641 1978 741 2013 libris
780 1989 891 2022 nuper

229 2027 402 2072 reperisse
423 2025 600 2060 Ciceronis
633 2025 888 2068 sospitatorem,

228 2074 258 2110 Ι.
284 2074 326 2109 A.
348 2073 546 2107 Ernestum.
568 2071 709 2105 Vincere
731 2074 890 2105 caussa‘m

231 2119 320 2155 dixit
357 2118 464 2154 Ovid.
483 2119 567 2163 Ep.
591 2117 685 2152 XVI.
716 2117 775 2151 76.
805 2117 890 2151 licet

233 2165 401 2201 Heinsius
424 2166 521 2199 hunc
552 2165 670 2198 locum
693 2162 794 2198 nobis
817 2163 888 2197 eri-

231 2223 317 2258 pere
349 2215 501 2246 conetur.
541 2210 642 2245 Victa
682 2215 733 2244 est
763 2220 889 2243 caussa

233 2259 305 2294 cic.
328 2269 394 2304 pro
415 2257 572 2293 Deiotar.
595 2256 630 2292 8.
653 2256 748 2291 Phil.
758 2256 818 2290 Xl.
830 2255 889 2291 13.

232 2309 269 2340 et
290 2306 422 2340 Lucan.
445 2304 472 2338 Ι.
507 2302 588 2337 128.
626 2302 722 2336 Adde
745 2302 889 2335 unicum

230 2350 430 2387 Latinitatis
451 2349 670 2394 magistrum,
693 2349 721 2382 Ι.
738 2348 778 2383 F.
799 2349 892 2382 Gro-

230 2397 376 2432 novium
400 2397 446 2431 ad
469 2396 563 2430 Gell.
586 2395 628 2428 V.
648 2394 705 2430 10.
723 2394 783 2438 qui
805 2405 892 2427 non-

228 2444 328 2479 nulla
371 2454 415 2478 ex
458 2441 516 2477 his
546 2440 713 2486 exemplis
750 2451 893 2485 praece-

228 2489 294 2535 pit.

276 2582 310 2625 §-
335 2580 370 2616 3.
405 2579 563 2624 Ergsxias.
595 2578 687 2614 Edit.
711 2588 764 2623 pr.
789 2576 886 2619 Erix,

229 2638 273 2662 ex
296 2639 366 2672 quo
387 2627 498 2661 Aldus
526 2625 644 2670 Nepos
674 2626 758 2660 fecit
779 2625 885 2668 Eryx,

229 2675 326 2719 quod
371 2673 529 2717 sequitur
583 2671 744 2717 Scaliger
798 2671 883 2704 Can.

228 2721 325 2766 laag.
356 2730 439 2764 pag.
467 2718 549 2753 339.
594 2719 724 2752 Verum
757 2727 883 2752 nomen

229 2766 380 2813 Eryxias
407 2777 451 2800 ex
481 2764 628 2802 Eusebii
647 2765 777 2801 Cliton.
791 2771 880 2809 pag.

1001 2139 1033 2181 §.
1058 2136 1092 2172 5.
1128 2137 1321 2182 legionibus
1363 2138 1507 2181 Latini,
1553 2139 1613 2173 αυί

955 2185 1021 2218 sui.
1035 2183 1222 2218 verissime
1238 2184 1375 2229 Lipsius
1386 2188 1407 2219 :‘
1420 2186 1614 2231 legionibus

957 2228 1095 2264 Latinis
1119 2230 1178 2263 avi
1198 2231 1262 2264 sui.

1002 2290 1035 2331 §.
1059 2287 1097 2321 6.
1124 2288 1328 2332 Quanquam
1365 2288 1448 2322 iam.
1487 2288 1610 2323 Heius.
1665 2287 1667 2289 ’

957 2332 1045 2368 bene
1078 2334 1242 2378 corrigit:
1285 2335 1490 2379 Quanquam
1523 2347 1610 2368 earn.

957 2380 1250 2423 Frequentissime
1278 2385 1517 2424 permutantur
1538 2382 1611 2415 iam

956 2429 992 2460 et
1015 2437 1104 2460 eam.
1143 2426 1284 2461 Iuntina
1315 2427 1452 2461 Editio:
1491 2428 1612 2470 Quan-

957 2484 1063 2518 quam
1086 2473 1123 2505 in
1144 2473 1260 2516 Asyla.

1003 2531 1142 2574 Raptus
1179 2529 1357 2575 virginum
1391 2531 1610 2566 Sabinarum.

954 2577 1095 2611 Vossius
1125 2576 1340 2620 suspicatur,
1375 2577 1466 2611 haec
1501 2578 1612 2611 verba

951 2633 1027 2657 esse
1057 2626 1304 2668 argumentum
1336 2634 1479 2665 eorum,
1523 2634 1613 2667 quae

952 2679 1034 2704 mox
1057 2669 1311 2713 sequebantur,
1342 2673 1377 2704 et
1407 2681 1428 2702 e
1451 2670 1611 2715 margine

951 2714 1146 2770 imtextum
1177 2714 1361 2760 migrasse.
1409 2713 1539 2759 Recte,
1570 2718 1610 2750 ut

947 2771 1081 2806 oplnor.
