1728 3054
281 189 395 226 cvm
589 180 873 225 NOTITIA
915 179 1337 224 LITTERARIA

281 311 421 339 vorum
457 295 732 337 absolutorum
761 293 1150 347 gerundiorumque3
1186 309 1355 380 quorum
1385 295 1534 338 auxilio
1562 296 1659 339 Vel-

280 356 383 396 leius
412 352 578 405 egregie
608 357 673 391 est
701 364 810 391 usus.

392 410 484 450 Etsi
520 421 616 447 vero
652 409 829 448 brexitas
864 408 1026 448 dicendi
1068 412 1213 462 regnat
1249 409 1292 450 in
1330 408 1481 451 Velleii
1519 423 1659 464 opere,

282 471 424 509 auctor
457 471 594 506 tamen
623 465 663 504 ei
691 478 771 505 non
799 466 856 505 ita
883 479 929 506 se
957 466 1131 516 addixit,
1164 471 1232 518 ut,
1269 467 1338 507 ubi
1366 468 1520 507 animus
1549 480 1659 508 com-

281 528 415 566 motus
451 521 642 562 orationis
685 523 890 574 angustias
937 527 1174 575 respueret,
1218 496 1261 564 in
1300 528 1455 563 arctum
1493 528 1661 576 cogeret

283 592 448 621 sensus.
493 583 656 631 contra,
681 580 768 623 ,ubi
806 584 849 619 et
885 581 1149 635 perspicuitas
1193 581 1256 620 rei
1292 580 1580 630 declarandae,
1617 585 1660 621 et

281 637 456 690 gravitas
496 640 617 688 atque
652 637 885 688 magnitudo
913 638 974 676 rei
1000 637 1261 677 inculcandae
1295 638 1452 690 copiam
1477 634 1660 690 require-

283 699 368 742 ret,
406 693 486 733 vim
526 693 802 744 eloquentiae,
842 706 944 745 quae
977 693 1054 734 hac
1086 706 1132 734 re
1161 694 1412 746 continetur,
1449 691 1658 747 patefecit.

282 751 396 790 Haec
425 750 541 802 copia
568 749 674 790 inest
701 750 765 789 vel
792 750 834 789 in
863 751 984 790 rebus
1027 750 1283 802 enarrandis,
1323 751 1390 791 vel
1428 752 1469 790 in
1512 752 1660 791 verbis.

281 807 385 848 Illud
417 819 543 859 genus
572 814 809 858 persecutus
839 811 925 857 est,
961 807 1029 856 id,
1071 808 1178 859 quod
1206 811 1326 861 caput
1353 809 1414 847 rei
1443 812 1556 858 erat,
1585 821 1660 861 per

280 868 442 917 parte8‚
483 876 585 915 quae
622 876 763 903 sensus
803 864 1059 916 animumque
1095 865 1282 904 movendi
1325 865 1405 904 vim
1442 864 1660 914 habebant,

280 921 545 973 explicando,
574 923 619 962 ut
646 934 713 960 res
742 933 792 960 eo
822 920 968 960 clarius
996 921 1275 973 perciperetur
1311 925 1432 973 atque
1461 921 1660 973 pondera-

280 984 404 1018 retur.
462 976 556 1018 Vid.
585 989 621 1016 v.
651 990 686 1017 c.
715 977 763 1017 ll.
793 981 861 1019 22.
891 981 957 1019 66.
986 981 1055 1019 7⁰.
1097 982 1192 1019 106.
1232 981 1329 1020 12⁰.
1367 982 1445 1017 etc.
1501 979 1657 1018 Eadem

278 1035 401 1074 animi
429 1047 569 1074 sensus
598 1035 835 1083 commotio,
866 1047 968 1087 quae
996 1034 1066 1073 illa
1093 1034 1332 1086 progenuit,
1362 1034 1530 1086 protulit
1557 1047 1658 1086 quo·

277 1105 357 1143 que
384 1091 566 1130 eiusdem
594 1092 839 1141 sententiae,
877 1104 980 1142 quae
1015 1092 1190 1143 graviter
1228 1091 1467 1143 scriptorem
1502 1091 1656 1131 afficie-

276 1149 367 1198 bat,
394 1149 746 1199 exaggerationem
776 1162 849 1200 per
877 1161 1018 1187 novam
1045 1149 1232 1201 pluresve
1263 1148 1437 1196 similes,
1476 1161 1512 1188 v.
1542 1162 1576 1188 c.
1606 1148 1654 1188 ΙΙ.

278 1209 344 1247 14.
375 1208 443 1246 22.
474 1208 540 1247 28.
569 1209 672 1245 extr.
695 1208 763 1246 89.
822 1205 980 1245 Pariter
1007 1205 1049 1245 in
1078 1205 1255 1244 dictione
1284 1205 1399 1257 copia
1428 1217 1479 1244 ex
1509 1205 1656 1245 eodem

276 1262 400 1302 animi
435 1261 626 1301 commoti
660 1262 775 1301 fonte
811 1266 901 1301 orta
939 1265 1024 1310 est,
1073 1262 1284 1302 cumulatis
1325 1262 1555 1313 synonymis
1583 1265 1658 1301 seu

277 1318 494 1366 similibus3
533 1331 569 1357 v,
599 1331 634 1357 c.
678 1318 725 1357 11.
764 1321 804 1359 6.
837 1321 906 1360 52.
947 1321 1041 1360 103.
1098 1319 1143 1358 In
1182 1319 1270 1358 aliis
1310 1318 1430 1367 locis,
1477 1319 1546 1357 ubi
1575 1331 1656 1357 uno

278 1376 402 1415 verbo
432 1375 598 1427 defungi
637 1379 818 1426 poterat,
857 1375 1138 1414 abundantiori
1183 1375 1359 1415 dictione
1397 1375 1574 1414 numeris
1613 1379 1656 1422 et

277 1432 557 1485 perspicuitati
584 1432 807 1478 consuluit3
836 1431 931 1471 huic
955 1432 1140 1483 quidem,
1169 1432 1233 1471 vel
1259 1431 1418 1471 adiecto
1446 1432 1655 1481 vocabulo,

277 1489 526 1542 praecedens
555 1488 682 1539 magis
720 1488 974 1538 declarante,
1014 1501 1050 1527 v.
1079 1501 1114 1528 c.
1152 1488 1198 1528 ll.
1227 1491 1294 1530 27.
1326 1489 1445 1539 ferri
1475 1489 1656 1541 gestari-

279 1559 358 1598 que
367 1560 385 1593 ,·
421 1547 487 1585 vel
523 1545 710 1597 proprio,
743 1544 939 1597 tropicam
979 1545 1198 1585 dictionem
1233 1545 1495 1597 explanante,
1545 1558 1582 1584 v·
1619 1558 1655 1585 c.

278 1604 464 1642 animum
495 1607 686 1654 quateret
714 1607 838 1654 atque
867 1607 1076 1650 terreret,
1117 1602 1170 1641 ΙΙ.
1199 1605 1295 1644 110.
1324 1605 1426 1641 extr.
1464 1602 1656 1641 inescan-

278 1658 361 1698 dae
389 1658 708 1712 illiciendaeque
736 1658 1017 1698 multitudinis
1045 1663 1195 1708 causa,
1234 1658 1283 1698 Π.
1322 1661 1388 1700 13.
1423 1659 1655 1698 exercitum

276 1717 502 1763 maiorem,
532 1728 656 1768 quam
684 1721 732 1754 ut
760 1717 989 1768 temperari
1005 1720 1176 1769 posset,
1209 1727 1343 1768 neque
1372 1715 1549 1754 habilem
1576 1728 1655 1767 gu-

278 1771 529 1820 bernaculo„
565 1771 613 1811 Π.
645 1774 737 1812 113.
779 1774 847 1811 vel
887 1773 1060 1824 tropico,
1102 1772 1230 1810 altero
1269 1772 1451 1811 eiusdem
1492 1772 1653 1822 generis

278 1828 459 1875 clariori,
495 1841 531 1867 V.
561 1840 595 1867 c.
635 1828 775 1866 hirtus
812 1833 938 1881 atque
972 1827 1188 1877 horridus,
1228 1827 1278 1867 ll.
1309 1831 1378 1868 11.
1415 1827 1653 1880 respublica
1716 1846 1717 1849 ¹

265 1887 412 1935 fluens
440 1888 566 1936 atque
594 1883 889 1937 procumbens,
929 1884 977 1924 ll.
1015 1888 1079 1926 16.
1117 1889 1218 1923 extr.
1256 1885 1323 1923 vel
1362 1885 1549 1936 proprio,
1595 1884 1652 1923 al-

278 1946 368 1981 tero
397 1941 593 1993 graviori,
625 1945 684 1985 ut.
715 1940 829 1993 leges
852 1942 1115 1993 perniciosae
1144 1946 1184 1980 el
1214 1941 1474 1989 exitiabiles,
1505 1941 1555 1979 ΙΙ.
1581 1944 1649 1982 18.

277 1998 355 2048 ita,
384 2002 430 2037 ut
467 2010 542 2050 per
581 1997 728 2049 gradus
757 2010 1048 2048 nonnumquam
1079 1998 1319 2045 adscendat,
1358 2010 1459 2044 v.,c.
1497 1998 1651 2046 oratio,

279 2068 331 2095 ac
359 2055 423 2094 vis
446 2054 660 2106 sorensis,
690 2054 1007 2107 perfectumque
1027 2067 1187 2108 prosae
1216 2053 1480 2107 eloquentiae
1508 2052 1651 2102 decus,

278 2111 309 2152 1.
341 2114 406 2152 17.
440 2111 523 2150 ·vel¹
552 2110 742 2150 effectum
781 2111 1032 2160 declarante,
1072 2116 1138 2159 ut,
1173 2111 1274 2150 victi
1312 2111 1561 2164 afflictique,
1603 2110 1652 2150 ΙΙ.

283 2172 351 2211 17.
382 2171 505 2221 caput
530 2180 612 2222 pro
640 2167 791 2206 rostris
820 2172 1002 2210 erectum
1032 2172 1073 2207 et
1102 2172 1375 2216 ostentatum,
1412 2167 1461 2206 11.
1491 2171 1558 2208 19.
1586 2168 1653 2207 vel

282 2225 472 2264 adiuncto
501 2224 710 2277 participio
739 2224 902 2263 modum
938 2223 1001 2262 rei
1040 2224 1291 2274 declarante,
1328 2228 1396 2274 ut,
1433 2224 1473 2263 si
1503 2236 1653 2264 nomen

277 2294 456 2335 usquam
491 2280 640 2320 stantis
677 2286 864 2319 maneret
907 2279 1195 2333 Carthaginis,
1247 2280 1275 2319 Ι.
1315 2283 1382 2322 12.
1424 2292 1651 2333 cognomen
1696 2280 1697 2284 ’

277 2340 434 2378 virtute
457 2343 628 2391 partum
656 2335 899 2386 vindicavit,
943 2336 972 2375 1.
1004 2340 1069 2378 13.
1107 2337 1252 2376 urbem
1279 2338 1465 2376 excisam
1494 2350 1652 2390 aequa-

277 2397 339 2434 vit
366 2396 477 2444 solo,
507 2394 559 2434 11.
572 2396 627 2435 4.
656 2394 723 2432 vel
751 2394 1139 2441 circumscribendo,
1167 2397 1236 2443 ut,
1273 2399 1508 2447 temporum
1536 2395 1650 2433 clau-

275 2451 546 2500 stra,I.17.
587 2463 633 2489 os
661 2448 862 2501 Pindari,
901 2451 931 2490 1.
962 2453 1028 2491 18.
1066 2449 1137 2497 id,
1176 2462 1302 2503 super
1336 2448 1446 2503 quod
1474 2448 1651 2492 adscen-

276 2507 324 2546 di
354 2521 439 2547 non
468 2511 635 2561 potest,
669 2506 719 2545 ΙΙ.
747 2509 814 2548 53.
844 2512 1171 2560 praeceptorum
1207 2506 1476 2559 disciplinae,
1503 2506 1552 2545 ll.
1579 2509 1649 2548 94.

268 2565 453 2617 plurimo
514 2565 612 2618 igne
662 2563 846 2603 emicans
893 2562 1133 2604 incendium
1184 2563 1377 2607 militaris
1424 2563 1648 2613 tumultus,

273 2620 449 2662 11.125

387 2677 450 2716 Ad
494 2688 705 2715 numerum
742 2675 931 2716 orationis
969 2676 1078 2728 quod
1116 2675 1284 2726 attinet,
1331 2688 1424 2715 eum
1463 2668 1647 2716 Velleius

273 2733 543 2776 concinnitate
571 2733 865 2790 membrorum,
903 2734 1083 2788 inprimis
1110 2733 1153 2776 in
1181 2744 1337 2774 morum
1364 2732 1646 2780 notationibus,
