1728 3054
6 3037 11 3048 ⁴
0 2904 17 3016 4-1132
0 2859 14 2894 „sst

440 206 746 250 ANNALES
786 202 1158 251 VELLEIANI
1390 205 1489 241 LVII

71 338 73 340 ’
110 322 203 363 Hoc
231 332 306 362 nos
339 319 482 370 docet,
518 320 562 360 ni
594 299 739 368 i’allor,
773 317 920 358 alicubi
945 314 1101 356 Plinius
1130 313 1272 354 iunior.
1306 310 1352 367 *)
1396 312 1487 353 Hae

112 383 200 418 erat
225 381 365 418 noster
396 378 440 418 in
466 377 597 417 classe
625 374 827 423 velleius,
863 374 932 425 qui
962 372 1135 424 proinde
1167 383 1247 423 quo
1280 382 1386 409 anuo
1412 370 1486 409 tri-

110 435 304 476 bunatum
335 434 511 488 accepit,
539 433 684 474 eodem
709 431 832 472 etiam
858 434 901 470 et
927 428 1172 470 laticlaviam
1199 426 1416 480 acceperit,

279 564 320 620 ἓ.
350 569 417 609 12.
455 565 709 606 Tribunatu-⁹
746 562 897 605 Vellei?
926 563 1156 604 castrensis
1183 561 1334 616 qualis.

213 655 316 696 Erat
340 657 553 706 praeterea
580 653 741 693 Velleio
775 653 818 692 in
854 653 934 692 hoe
971 652 1171 703 equestris
1208 649 1378 689 militiae
1413 648 1489 690 tri-

112 711 266 751 bunatu
291 710 474 761 superior
504 713 648 762 postea
676 709 837 760 gradus.
869 696 987 748 Prius
1017 708 1124 747 enim
1151 719 1270 758 quam
1299 718 1390 745 cum
1413 706 1488 746 Ti-

112 767 227 807 berio
265 766 493 805 mitteretur
530 766 574 804 in
613 764 891 813 Germaniam,
938 764 996 803 ait
1034 776 1126 802 sese
1166 767 1390 802 castrorum
1417 759 1488 816 **)

114 823 235 862 etiam
265 821 469 861 tribunatu
495 820 691 860 functum.
747 821 788 862 Ν
790 833 842 860 (ιιι
870 794 983 860 derte
1009 819 1088 859 hoc
1115 819 1158 858 in
1186 819 1298 870 loco,
1325 822 1372 858 ut
1399 818 1489 870 opi-

113 890 214 926 nor,
241 877 395 925 innuit,
423 877 599 928 priorem
628 873 744 916 ιιιιιιιι
772 877 1016 916 tribunatum
1046 888 1125 915 non
1154 875 1282 914 fuisse
1310 879 1489 913 castren·

113 946 213 973 sem.
243 933 366 983 Quasi
392 933 578 972 nimirum
606 933 779 973 fuissent
814 933 885 972 illo
913 932 1061 972 Velleii
1089 944 1209 998 aevo,
1248 943 1350 981 quae
1378 934 1491 982 post-

114 1003 165 1030 ea
203 994 319 1029 erant
355 990 680 1041 receptissimae,
717 990 761 1029 iu
796 989 986 1029 satellitio
1022 988 1213 1041 principis
1242 987 1384 1026 militia
1411 986 1490 1025 alia

114 1051 291 1095 armata,
320 1045 397 1084 alia
425 1058 507 1085 non
534 1051 704 1094 armata,
739 1046 848 1098 quod
876 1045 1031 1085 scilicet
1059 1057 1199 1084 omnes
1236 1044 1378 1082 domus
1406 1044 1490 1082 Au-

55 1106 61 1115 “
115 1108 259 1154 gustae
298 1101 494 1142 satellites
533 1102 732 1145 communi
776 1102 939 1142 nomine
981 1101 1130 1141 milites
1178 1100 1491 1153 appellarentur.

116 1158 200 1198 Sed
237 1171 332 1198 vera
362 1163 471 1206 erat,
509 1163 556 1198 ιιι
592 1159 774 1207 videtur,
810 1159 890 1198 illis
922 1158 1171 1211 temporibus
1202 1156 1392 1196 decennis
1421 1155 1493 1195 illa

115 1214 278 1262 militia,
307 1227 409 1266 quae
437 1214 487 1259 ad
516 1219 698 1254 senatum
728 1215 954 1254 necessaria
983 1218 1082 1254 erat.
1139 1212 1272 1253 Verae
1300 1213 1394 1251 illae
1422 1224 1493 1251 co-

115 1270 291 1310 hortium
319 1271 620 1336 praefecturae,
661 1272 748 1311 veri
779 1272 983 1323 legionum
1021 1271 1273 1317 tribunatus,
1320 1269 1494 1308 alarum-

118 1339 196 1379 que
240 1327 496 1378 equestrium.
525 1339 528 1341 *
569 1327 710 1379 Itaque
761 1333 983 1371 castrorum
1037 1327 1199 1367 nomine
1241 1325 1494 1364 intellexisse

117 1383 348 1435 suspicabar
384 1383 586 1424 Velleium
624 1389 755 1428 castra
789 1385 1014 1437 praetoria,
1058 1396 1160 1435 quae
1202 1382 1386 1421 solebant
1425 1394 1494 1420 ca-

117 1443 291 1479 strorum
327 1441 487 1480 nomine
526 1441 762 1492 simpliciter
797 1445 990 1493 usurpato
1028 1439 1243 1490 designari.
1299 1438 1495 1478 Solebant

119 1500 232 1535 certe
259 1496 406 1540 milites
435 1496 619 1548 gregales
648 1511 672 1537 a
701 1497 841 1536 militia
868 1497 1069 1548 legionum
1096 1496 1148 1535 ad
1172 1495 1355 1534 militiam
1379 1507 1495 1546 prae-

118 1552 364 1597 torianorum
404 1553 653 1606 promoveri,
694 1553 869 1592 habituri
899 1553 1046 1592 deinde
1076 1557 1118 1592 et
1147 1552 1391 1604 stipendium
1420 1564 1494 1590 au-

122 1607 247 1659 ctius,
276 1613 319 1647 et
346 1609 555 1660 pauciores
584 1609 634 1654 ad
663 1609 874 1652 honestam
902 1610 1135 1648 missionem
1163 1621 1302 1656 aunoS,
1331 1612 1374 1646 et
1400 1609 1496 1659 post

121 1664 354 1703 missionem
386 1664 595 1704 honestius
633 1663 705 1719 (ut
731 1663 918 1720 videtur)
960 1666 1182 1706 emeritum.
1237 1664 1285 1703 Id
1314 1677 1405 1703 cum
1434 1663 1496 1702 lo-

123 1731 214 1759 cum
241 1720 427 1760 habuerit
463 1722 505 1760 in
530 1721 672 1760 militia
709 1722 877 1760 militum
906 1721 1150 1774 gregalium
1192 1724 1280 1763 erat
1305 1720 1497 1774 profecto

122 1782 455 1826 consentaneum,
483 1781 530 1816 ut
557 1777 688 1816 locum
717 1778 900 1816 similiter
927 1778 1116 1817 habuerit
1142 1778 1184 1816 in
1211 1777 1392 1817 tribunis.
1432 1776 1495 1815 lta

121 1834 463 1886 praetorianorum
508 1834 629 1873 etiam
666 1834 889 1874 tribunatus
924 1834 1178 1873 honestiores
1221 1833 1350 1872 fuisse
1388 1832 1496 1871 veri-

122 1888 253 1928 simile
284 1894 367 1940 est,
408 1893 451 1929 et
481 1890 712 1929 melioribus
750 1890 1040 1942 stipendiorum
1071 1890 1376 1931 conditionibus
1435 1888 1496 1928 Ut

122 1945 291 1997 proinde
316 1946 358 1985 in
385 1945 540 1985 honore
569 1959 641 1986 suo
666 1947 846 1998 posuerit
874 1946 1071 1995 Velleius,
1104 1947 1210 1998 quod
1238 1959 1262 1985 a
1290 1947 1495 1985 tribunatu

122 2000 429 2052 legionariorum
473 2003 524 2041 ad
560 2003 904 2056 praetorianorum
946 2005 1192 2043 tribunatum
1231 2003 1357 2042 fuerit
1401 2014 1495 2041 ere-

123 2062 224 2097 ctus.
280 2058 367 2098 Nec
396 2064 484 2098 erat
511 2064 622 2098 certe
651 2073 675 2099 a
701 2064 883 2099 veterum
912 2072 1098 2100 sermone
1127 2060 1313 2107 alienum,
1342 2062 1388 2097 ut
1418 2057 1496 2096 mi·-

122 2113 209 2153 litia
236 2116 511 2170 praetoriana,
559 2117 775 2155 castrensis
805 2117 986 2164 nomine,
1019 2117 1182 2169 proprio
1218 2128 1291 2155 suo
1322 2114 1496 2166 quodam

124 2169 214 2210 iure
242 2171 542 2223 designaretur
587 2171 728 2212 castra
761 2172 820 2210 illi
859 2173 999 2212 stativa
1036 2173 1087 2212 ad
1124 2173 1264 2211 urbem
1293 2171 1496 2210 habebant

125 2226 167 2266 in
201 2226 265 2266 via
296 2225 390 2281 ***)
433 2227 706 2277 Nomentana,
746 2228 890 2268 Castra
926 2229 1044 2280 vulgo
1083 2229 1320 2281 simpliciter
1358 2226 1497 2279 appel-

125 2281 219 2322 lata.
273 2282 420 2324 Postea
455 2284 601 2327 deinde
635 2285 957 2336 receptissimum
992 2289 1100 2336 erat,
1154 2291 1200 2324 ut
1235 2282 1497 2349 Imperatoris

125 2339 275 2378 mobile
305 2340 558 2391 satellitium,
587 2344 630 2383 et
658 2346 788 2380 castra
809 2342 975 2390 Latine,
1004 2346 1047 2381 et
1078 2342 1235 2381 Graece
1264 2335 1498 2390 στρατόπε-

128 2393 208 2435 δον
233 2396 403 2436 audiret.
461 2396 554 2436 Νοιι
590 2397 640 2439 ab
676 2397 763 2439 aliis
798 2404 910 2438 certe
946 2398 1089 2439 castris
1129 2410 1246 2450 quam
1288 2397 1353 2435 his
1381 2396 1496 2449 ipsis,

128 2450 182 2491 de
209 2451 353 2504 quibus
381 2453 561 2506 agimus,
589 2454 946 2507 praetorianorum.
991 2454 1077 2496 Sed
1103 2454 1281 2496 nondum
1308 2453 1496 2507 profecto

219 2636 387 2725 2)Ριιῑι«ξῖἰ.
403 2635 642 2726 {witvgk
664 2635 746 2720 1²35,

224 2726 302 2772 ***)
330 2727 471 2764 Sueton.
494 2728 575 2764 Ner.
607 2739 685 2774 cap.
709 2727 768 2766 48.
