1728 3054
169 189 347 231 cumn
438 183 689 231 cauom
728 156 1292 227 MoneeNs‘rssaNu

174 298 370 348 urgebat,
399 293 631 335 detrectans
659 295 885 348 principem
910 307 993 337 non
1021 307 1045 336 a
1064 307 1112 337 se
1136 294 1290 340 datum.
1308 276 1433 340 *Suet
1461 297 1562 341 Tib.-

173 355 244 399 25.
273 352 371 393 Tac.
400 351 500 391 Anu.
530 349 562 390 1.
594 353 663 392 35.

290 412 338 459 ll.
369 419 466 460 126.
524 413 726 457 sacravit
752 420 981 471 parentemv
1006 430 1130 459 suum
1170 415 1330 459 Caesar
1364 431 1449 460 non
1481 421 1561 461 im·

158 471 320 532 sperio,
366 471 444 512 sed
483 472 713 526 religione:
758 485 842 512 non
874 473 1096 527 appellavit
1131 473 1296 528 [eum]‚
1343 475 1421 517 aed
1447 477 1562 528 fecit

179 530 315 572 deum.
353 529 506 569 Plinius
538 535 678 569 contra
707 526 876 584 (Paneg.
901 542 989 582 cap.
1019 534 1085 574 11.
1104 530 1144 584 §.
1165 531 1224 581 2.)
1253 533 1311 572 ita
1338 532 1560 572 existimat:

179 584 337 627 dicavit
372 586 489 625 coelo
526 584 716 635 Tiberius
754 585 1021 640 Augustum5
1059 586 1140 639 aed
1169 608 1231 619 --
1253 593 1301 635 ut
1326 590 1564 630 maiestatis

181 642 340 686 crimen
374 640 607 682 induceret.
1555 664 1558 665 ⁷

293 707 524 760 Magnificis
554 709 738 750 laudibus
768 706 951 751 Velleius
979 709 1059 751 hoc
1087 710 1221 763 capite
1249 710 1291 751 in
1321 710 1460 764 primis
1488 710 1566 751 Ti·-

178 765 335 806 berium
365 768 630 818 prosequitur.
688 767 859 815 Nescio,
888 781 965 820 an,
995 772 1094 819 quot
1124 767 1265 806 laudes
1295 768 1375 808 hoc
1403 767 1494 807 loco
1522 768 1567 808 in

179 834 274 863 eum
311 822 500 871 contulit,
546 828 609 863 tot
648 823 866 876 calumnias
903 824 945 863 in
983 827 1208 874 Augustum
1245 824 1479 864 adhibuisse
1506 824 1565 863 vi-

179 879 336 921 deatur.
367 879 485 918 Haud
515 879 633 919 aliter
666 880 772 920 enim
802 880 855 919 de
884 892 986 920 novo
1010 881 1193 933 principe
1221 881 1420 933 loquitur,
1451 881 1567 932 quasi

180 936 256 975 sub
291 948 364 983 eo,
394 937 462 988 qui
490 937 735 988 praecessit,
770 937 983 988 imperium
1022 936 1247 977 Romanum
1275 943 1356 977 tam
1385 938 1490 977 male
1519 950 1567 977 se

180 991 416 1042 habuisset,
455 998 501 1032 ut
529 993 711 1044 plurimis
740 993 933 1033 remediis
961 993 1217 1044 indiguisset.
1273 996 1464 1034 Attamen
1493 995 1569 1033 ho-

182 1049 554 1089 norificentissimas
591 1049 731 1090 laudes
778 1050 988 1090 felicitatis
1040 1049 1227 1102 publicae
1271 1051 1346 1089 sub
1383 1052 1568 1102 Augusto

181 1107 389 1158 regnantis
419 1106 590 1158 legimus
627 1106 695 1148 lib.
727 1106 776 1147 Π.
805 1120 891 1159 cap.
921 1110 990 1149 89.
1029 1119 1128 1158 quas
1157 1119 1209 1145 ne
1239 1106 1291 1146 de
1319 1106 1455 1159 priore
1484 1111 1570 1146 tan·

180 1165 266 1202 tum
297 1163 544 1215 principatus
572 1167 758 1216 tempore
790 1163 1004 1215 capiamus,
1032 1167 1171 1202 vetant
1197 1164 1340 1202 verba:
1370 1162 1464 1207 Nos
1483 1176 1569 1203 me-

180 1232 318 1259 mores
338 1220 638 1273 professionis,
667 1220 907 1259 universam
935 1220 1162 1272 imaginem
1181 1221 1449 1273 principatus
1479 1220 1569 1259 eius

182 1276 313 1316 oculis
345 1277 575 1329 animisque
599 1276 862 1316 subiecimus.
919 1276 987 1316 Sic
1018 1281 1205 1315 constant
1230 1277 1322 1324 sibi,
1353 1276 1421 1327 qui
1448 1289 1569 1328 prae-

180 1335 246 1372 ter
269 1345 408 1371 verum
438 1333 659 1384 respiciunt
685 1333 858 1384 aliquid!
887 1355 945 1363 —
972 1333 1047 1372 His
1069 1337 1204 1372 tamen
1228 1332 1268 1372 in
1297 1332 1428 1385 aperti
1456 1345 1571 1371 men-

182 1388 289 1428 dacii
316 1390 469 1429 crimen
507 1387 709 1429 Velleium
742 1389 887 1429 vocare
914 1388 1030 1428 nolo:
1069 1388 1203 1440 paullo
1239 1388 1570 1441 temperatiorem

183 1444 225 1484 in
253 1446 434 1485 encomio
462 1445 620 1487 vellem.
677 1445 781 1486 Nam
814 1458 917 1497 quae
948 1445 1001 1484 de
1029 1445 1161 1484 salute
1199 1445 1359 1497 publica
1394 1457 1469 1497 per
1501 1457 1570 1484 no-

182 1513 274 1541 vum
305 1502 529 1555 principem
556 1502 729 1542 florente
754 1502 985 1554 praedicat,
1020 1501 1213 1554 pleraque
1247 1514 1342 1541 vera
1369 1506 1473 1540 sunt.
1498 1501 1571 1540 'ri-

185 1558 344 1607 berius,
384 1559 574 1611 quamdiu
607 1560 706 1598 vixit
736 1558 1023 1607 Germanicus,
1077 1558 1281 1610 sapienter
1316 1558 1571 1597 administra-

182 1615 240 1655 vit
278 1615 580 1668 rempublicam.
638 1615 751 1667 Lege
779 1615 947 1655 Dionem
991 1615 1173 1655 Cassium
1210 1614 1334 1655 LVlI.
1366 1627 1455 1666 pag.
1483 1617 1570 1656 852

184 1693 239 1702 —
260 1675 356 1714 858.
394 1673 512 1712 Conf.
555 1673 607 1712 de
645 1673 809 1727 egregia
848 1672 1038 1712 civilitate
1075 1684 1123 1712 ac
1165 1671 1435 1726 popularitate
1470 1671 1571 1711 inci-

184 1728 332 1781 pientis
362 1729 521 1781 imperii
551 1730 663 1770 Suet.
692 1730 785 1770 Tib.
817 1731 1018 1772 26—33.

299 1794 406 1836 Dicit
436 1795 636 1836 Velleius:
676 1796 895 1836 Revocata
937 1797 984 1836 in
1007 1796 1158 1847 forum
1176 1795 1308 1850 fides.
1363 1798 1406 1835 et
1434 1794 1570 1847 paullo

186 1856 299 1904 postt
341 1854 535 1905 sepultae
566 1866 616 1892 ac
646 1853 729 1893 situ
762 1852 920 1892 obsitae
952 1853 1139 1901 iustitia,
1168 1853 1359 1906 aequitas
1388 1880 1399 1891 .
1430 1880 1441 1892 .
1470 1881 1482 1893 .
1513 1852 1572 1891 ci-

185 1910 311 1947 vitati
331 1908 550 1956 rectamne,-
591 1938 601 1949 .
631 1939 642 1951 .
671 1938 681 1948 .
711 1915 826 1949 recte
845 1907 1045 1961 faciendi
1079 1909 1266 1948 omnibus
1298 1914 1372 1948 aut
1401 1908 1572 1949 incussa

186 1961 351 2020 (infusa
385 1966 489 2005 coni.
525 1963 804 2019 Ruhnkenius)
836 1965 1049 2013 voluntas,
1087 1970 1160 2005 aut
1199 1965 1393 2017 imposita
1427 1977 1572 2005 neces-

186 2022 291 2061 sitas
319 2027 397 2064 etc.
455 2022 569 2061 Haec
614 2021 842 2061 confirmari
876 2021 1064 2060 videntur
1101 2022 1179 2072 iis,
1217 2035 1319 2073 quae
1354 2021 1571 2061 Suetonius

187 2077 279 2117 Tib.
309 2081 376 2120 33.
416 2074 593 2128 narra't‚-
617 2092 710 2118 eum
737 2083 912 2117 eatenus
938 2078 1228 2126 intervenisse,
1267 2090 1320 2117 ne
1348 2076 1449 2131 quid
1469 2089 1572 2131 per-

180 2147 333 2187 peram
353 2137 487 2189 fieret
516 2164 527 2174 .
557 2164 567 2175 .
597 2163 607 2174 .
638 2134 961 2188 Magistratibus
988 2146 1071 2188 pro
1097 2134 1303 2174 tribunali
1325 2147 1573 2186 cognoscen-

169 2191 298 2230 -tibus
335 2193 582 2245 plerumque
621 2204 668 2231 se
704 2190 903 2245 offerebat
945 2191 1234 2231 consiliarium
1279 2189 1573 2244 assidebatque

112 2283 119 2286 .
188 2247 339 2287 iuxtim
374 2252 450 2287 etc.
486 2254 528 2287 et
561 2249 602 2288 si
640 2261 760 2301 quem
797 2260 965 2286 reorum
999 2247 1109 2288 elabi
1144 2248 1287 2301 gratia
1325 2259 1470 2286 rumor
1507 2260 1572 2286 es-

188 2309 276 2352 set,
313 2304 473 2344 subitus
503 2303 678 2354 aderat,
718 2302 960 2357 iudicesque
998 2332 1008 2345 .
1039 2333 1049 2345 .
1080 2334 1090 2344 .
1131 2306 1270 2357 legum
1299 2302 1543 2343 admonebat
1552 2317 1573 2350 ,-

187 2366 312 2413 atque
342 2362 490 2411 etiam,
519 2361 561 2400 si
588 2374 670 2414 qua
698 2361 740 2399 in
768 2360 1150 2413 publicis-moribus
1170 2358 1334 2400 desidia
1364 2365 1437 2399 aut
1457 2360 1573 2404 mala

107 2446 111 2449 -
188 2416 492 2457 consuetudine
518 2417 736 2466 labarent,
767 2415 1022 2469 corrigenda
1049 2418 1242 2470 suscepit.
1273 2416 1438 2455 Tacitus
1467 2417 1569 2456 Ann.

187 2472 255 2512 lV.
284 2477 324 2515 6.
356 2473 410 2513 Si
435 2473 600 2527 quando
625 2487 718 2513 cum
739 2473 919 2528 privatis
949 2472 1204 2527 disceptaret
1235 2471 1443 2530 (Tiberius
1473 2472 1573 2513 cae-

189 2527 293 2585 sar),
311 2531 463 2582 sorum
491 2536 532 2570 et
561 2531 641 2571 ius.
841 2529 843 2531 ’

302 2606 551 2664 (Summota)
582 2607 750 2651 ambitio
780 2620 949 2662 campo,
979 2606 1191 2649 discordia
1221 2609 1353 2648 curia.
1407 2606 1482 2649 llla
1510 2608 1573 2658 ni·

185 2665 331 2705 mirum
365 2666 538 2705 comitiis
568 2679 592 2706 e
621 2666 774 2717 Campo
804 2667 854 2705 ad
876 2666 1017 2705 Patres
1045 2666 1247 2706 translatis
1269 2665 1388 2719 (Tac.
1411 2666 1516 2706 Ann.
1537 2666 1568 2707 1.

185 2718 295 2776 15.);
323 2721 427 2762 haec
459 2722 617 2764 Tiberii
643 2723 685 2763 in
714 2724 866 2765 Senatu
895 2723 1125 2775 praesentia
1154 2736 1200 2767 ac
1230 2723 1421 2776 potentia.
