1728 3054
332 205 596 249 flls'rOR.
626 207 780 248 Rom.
809 206 925 247 LIB.
956 206 988 247 1.
1026 205 1158 246 CAP.
1185 208 1253 249 12.
1421 211 1478 252 ³1

110 322 336 383 geniique·
354 337 408 368 ae
441 322 686 367 studiorum
721 319 1080 366 eminentissimus
1114 320 1253 366 seculi
1285 320 1367 377 sui,
1397 322 1478 380 qui

110 391 225 435 nihil
256 391 302 434 in
335 392 426 435 vita
458 391 539 434 nisi
570 390 846 434 laudandum
879 396 956 434 aut
988 389 1118 444 fecit,
1154 395 1230 434 aut
1255 389 1387 444 dixit,
1421 406 1477 436 ac

111 459 264 512 sensit3
298 475 455 518 quem,
490 459 634 503 Paulo
668 459 883 518 genitum,
916 457 1180 518 adoptatum
1214 473 1241 502 a
1261 458 1475 518 Scipione

109 528 311 573 Africani
342 528 440 572 filio
471 526 682 581 diximus,
715 526 986 571 aedilitatem
1007 532 1185 586 petens,
1221 526 1324 572 Cos.
1344 543 1474 580 crea,-

108 602 178 640 tus
213 603 292 641 est.
342 596 524 641 Bellum
567 593 853 654 Carthagini,
904 594 994 638 iam
1041 602 1143 640 ante
1184 596 1413 640 biennium
1446 606 1515 646 a4

108 665 333 724 prioribus
367 663 491 709 Coss
526 663 724 717 inlatum,
759 662 928 706 maiore
961 663 1006 706 vi
1038 663 1204 716 intulit3
1238 680 1342 710 cum
1372 672 1506 710 ante'

107 735 152 776 in
197 733 413 792 Hispania
454 732 615 775 murali
659 745 850 786 corona,
901 731 947 774 in
997 730 1153 776 Africa
1207 733 1475 779 obsidionali

108 801 295 846 domtus
328 806 461 852 esset3
502 799 548 843 in
577 798 796 859 Hispania
828 813 936 844 vero
971 799 1105 843 etiam
1148 814 1203 844 ex
1245 816 1473 860 provoca-

103 870 248 924 tione,
291 870 391 928 ipse
433 868 635 914 modicus
676 869 858 925 virium,
914 867 1115 912 immanis
1155 871 1473 929 magnitudinis
1508 887 1511 891 ·

103 937 280 982 hostem
311 937 610 981 interemisset.
678 938 886 995 Eamque
930 937 1113 991 urbem,
1157 939 1303 998 magis
1352 940 1509 991 invi-5

104 1006 181 1050 dia
212 1005 413 1065 imperii,
458 1021 593 1064 quam
627 1006 758 1049 ullius
793 1005 884 1049 eius
917 1006 1132 1064 temporis
1163 1007 1323 1050 noxiae
1354 1008 1470 1054 invi-

103 1090 196 1119 sam
229 1075 440 1119 Romano
473 1074 662 1129 nomini,
695 1074 893 1119 funditus
927 1075 1112 1130 sustulit,
1146 1074 1342 1134 fecitque
1362 1093 1469 1123 suae

101 1143 271 1189 virtutis
322 1144 666 1200 monimentum,
726 1142 853 1201 quod
909 1142 1057 1187 fuerat
1106 1143 1178 1187 avi
1230 1146 1321 1189 eius
1373 1147 1470 1191 cle-

100 1212 304 1256 mentiae.
361 1210 591 1271 Carthago
637 1211 783 1255 diruta
830 1216 917 1266 est,
970 1216 1075 1256 cum
1118 1212 1305 1258 stetisset
1347 1216 1470 1260 annis

99 1278 367 1325 Dchle.
413 1279 580 1344 abhinq
621 1294 758 1324 annos
804 1280 1072 1325 CLXXVII.
1125 1280 1207 1327 Cn.
1252 1282 1467 1329 Cornelio

98 1347 314 1403 Lentulo,
346 1348 401 1392 L.
435 1348 660 1392 Mummio
695 1349 820 1396 CoSS.
855 1348 992 1394 Hune
1025 1349 1162 1395 finem
1188 1350 1346 1396 habuit
1364 1354 1507 1400 Ito-6

100 1417 218 1461 mani
258 1417 434 1476 imperii
479 1416 713 1476 Carthago
756 1416 954 1467 aemula;
1006 1433 1110 1463 cum
1163 1434 1254 1476 qua
1296 1421 1467 1466 bellare

98 1486 287 1529 maiores
337 1486 475 1529 nostri
527 1499 749 1544 coepere,
791 1484 986 1530 Claudio
1040 1493 1084 1531 et
1126 1486 1292 1532 Fulvio
1338 1489 1468 1538 Coss.

98 1561 199 1598 ante
233 1567 370 1598 annos
405 1553 659 1608 CCXCVI,
694 1569 829 1612 quam
856 1560 935 1606 tu,
979 1553 1047 1598 M.
1084 1554 1255 1611 Vinici,
1299 1571 1465 1604 consu-

96 1622 237 1667 latum
269 1622 411 1666 inires.
454 1622 524 1666 lta
557 1637 640 1682 per
675 1637 811 1667 annos
847 1621 987 1667 CXV.
1032 1630 1109 1667 aut
1146 1624 1318 1670 bellum
1351 1628 1465 1673 inter

96 1706 173 1736 eos
205 1687 429 1750 populoS,
473 1697 549 1734 aut
589 1690 698 1735 belli
738 1691 1045 1750 praeparatio,
1091 1699 1167 1736 aut
1199 1693 1338 1739 infida
1371 1713 1465 1757 pax

94 1759 189 1803 fuit.
234 1759 395 1817 Neque
429 1773 476 1802 se
509 1760 682 1815 Roma,
716 1760 804 1804 iam
838 1765 1055 1804 terrarum
1089 1761 1200 1806 orbe
1233 1772 1502 1824 superatos!

94 1842 296 1873 securam
360 1828 554 1886 speravit
605 1827 727 1883 fore,
774 1829 809 1872 si
858 1842 1023 1873 nomen
1074 1845 1262 1888 usquam
1315 1836 1466 1880 stantis

92 1902 291 1941 maneret
323 1894 629 1957 Carthaginis:
665 1897 781 1941 adeo
816 1896 971 1941 odium
984 1927 998 1953 ,
1033 1900 1344 1947 certaminibus
1387 1919 1466 1949 or-

0 2719 2 2748 ἰ

0 2772 13 2859 {-

0 2900 29 3054 ἐ,

136 2056 178 2079 σο
201 2044 318 2080 semet.
345 2044 455 2080 Aldus
490 2043 607 2090 Nepos
637 2044 743 2091 legit:

91 2097 155 2126 aut
168 2092 286 2125 seruit.
308 2092 431 2126 Recte.

139 2148 212 2202 c⁰.⁸·
238 2153 376 2183 creatus
396 2153 458 2185 est.
501 2148 638 2183 Bellum
657 2148 742 2183 Cur·

88 2194 128 2228 fla
185 2194 240 2229 ι’.
274 2194 362 2228 Vide
390 2205 482 2239 quae
502 2195 744 2230 annotavimus

88 2240 134 2275 ud
175 2239 243 2275 ,1
264 2242 300 2283 5.
306 2236 359 2275 4.

134 2299 167 2340 S
198 2296 234 2332 4.
279 2308 322 2331 ez·
357 2297 611 2343 provocatione.
654 2297 741 2333 Vide

89 2341 166 2377 liv.
187 2342 284 2387 Epit.
306 2342 364 2380 48.
386 2349 420 2379 et
441 2344 493 2378 ibi
515 2344 693 2380 Drakenb.

135 2398 360 2442 §.5.n11ms
388 2402 462 2436 eius
493 2403 655 2446 temporis
676 2414 739 2436 no—

89 2445 180 2480 n'ue.
202 2446 330 2480 Veram
360 2457 435 2481 enee
466 2447 618 2482 arbitror
642 2449 738 2482 Gru·

89 2490 155 2525 ten-i
216 2491 470 2535 muitetur-nm,
533 2494 737 2530 Burmanno

90 2535 198 2571 etiam
225 2537 423 2580 probatam:
453 2539 527 2573 ulla
550 2542 623 2574 eius
649 2546 737 2576 tem-

86 2583 183 2627 porie
214 2594 315 2618 mu.
354 2585 407 2620 De
446 2585 665 2628 discrimine,
706 2586 736 2621 si

89 2628 180 2671 quod
263 2630 281 2670 ¹,
310 2628 399 2664 inter
429 2633 530 2666 noxia
563 2638 597 2667 et
630 2644 734 2677 nota,

89 2673 171 2709 vide
192 2674 224 2707 l)
274 2685 322 2709 er.
343 2676 388 2711 ad
408 2676 486 2713 mv.
512 2678 599 2713 xm.
624 2679 681 2714 23.

115 2737 397 2786 ‘nomentum
441 2735 630 2780 Exemplar
669 2747 734 2772 ve-

808 2047 940 2080 tustum
962 2046 1087 2090 habet,
1110 2049 1365 2088 monimentum
1387 2052 1466 2089 Bu-

808 2102 1001 2174 ιΜῗιιυίεἰτιεπ
1023 2141 1239 2176 clementiae·
1253 2143 1368 2179 Multo
1391 2147 1462 2182 elo·

809 2185 971 2229 galatius,
1012 2187 1104 2229 quod
1143 2188 1309 2224 Heinsius
1339 2193 1463 2235 reponi

809 2231 924 2265 iubet.
963 2234 1081 2266 avitae
1122 2235 1281 2270 clementi
1267 2247 1335 2272 1.ae
1378 2240 1462 2274 Iun-

807 2276 881 2311 tina
902 2288 964 2320 pr«
966 2289 1090 2312 nomen
1112 2281 1186 2314 eius
1207 2281 1320 2316 eiecit.

853 2323 1317 2371 CCLxxvn.Exemp1ar
1358 2333 1458 2366 vetu-

803 2371 895 2404 stum
918 2370 1024 2405 habet
1049 2372 1246 2407 CLxxvn.
1269 2375 1413 2412 Bmmn.

849 2417 881 2458 5.
913 2415 947 2450 7.
986 2417 1074 2451 adeo
1115 2419 1252 2461 odium,
1298 2423 1459 2458 cenam·-

803 2461 902 2505 uibus
966 2468 1076 2498 onum
1134 2469 1200 2501 etc.
1275 2466 1460 2505 Contraria

803 2506 973 2542 sententia
1017 2509 1139 2543 Cicero
1189 2510 1276 2546 dicit
1311 2512 1350 2547 iu
1374 2515 1459 2550 Pi-

803 2564 876 2588 son.
921 2554 990 2595 32.4
1031 2556 1164 2590 Deinde
1203 2557 1266 2591 hoe
1309 2559 1364 2593 ita
1399 2563 1456 2606 fit,

803 2604 843 2634 ut
864 2600 934 2633 viri
947 2603 1081 2644 sortes,
1112 2602 1249 2637 etiamsi
1271 2607 1372 2646 sem
1401 2609 1458 2642 ἰπ-

804 2651 857 2680 ter
879 2657 915 2679 se
948 2649 1099 2681 cominus
1131 2648 1364 2694 decertarint,
1398 2659 1460 2688 ta-

802 2703 881 2726 men
911 2692 999 2727 illud
1028 2696 1249 2729 contentionis
1269 2698 1385 2732 odim
1407 2701 1457 2734 ει·-

802 2739 875 2773 mul
911 2749 988 2774 cum
1010 2739 1089 2784 ipsu
1114 2751 1252 2788 pugna,
1280 2746 1457 2792 armisque
