1728 3054
246 231 376 269 LXXX
564 215 865 268 'HENRICI
911 222 1266 273 DODWELLI

243 353 313 382 res
341 341 514 381 fuissent
548 339 592 379 in
625 336 771 377 iisdem
807 335 990 376 hibernis
1017 335 1221 390 legiones,
1259 341 1304 379 et
1343 337 1481 392 plures
1519 338 1624 380 adeo

242 399 390 451 legati,
426 397 499 436 sub
527 407 607 434 uno
634 394 898 436 hibernorum
928 393 1161 447 praefecto,
1198 395 1268 449 qui
1298 397 1480 450 potuerit
1511 395 1624 459 lega-

242 456 296 497 tis
323 454 422 508 ipsis
450 453 666 505 imperare.
1461 485 1464 491 .

359 588 398 644 ς.
427 588 498 631 25.
527 585 599 627 Εα
630 586 810 628 hiberna
838 587 1044 642 quomodo
1074 587 1308 632 distributa
1328 588 1510 643 fuerint.
1543 607 1545 610 ⁴

335 677 465 718 Porro
510 677 754 730 tripartitam
800 678 911 719 illam
951 681 1155 723 exercitus
1199 679 1526 729 distributionem
1563 677 1623 719 ita

242 735 372 777 fuisse
400 735 599 777 existimo.
627 736 757 776 Aliam
787 735 924 776 Silano
951 738 1148 777 creditam
1177 741 1350 778 testatur
1378 737 1465 777 Dio.
1499 736 1623 788 Atqui

243 793 403 833 Silanus
440 792 510 832 ille
549 792 659 832 idem
697 791 826 832 fuisse
866 794 1026 833 videtur
1057 808 1150 835 cum
1185 795 1352 834 consule
1394 793 1487 833 anni
1522 795 1621 835 76⁰.

243 862 365 902 quem
377 850 437 889 A.
466 848 666 888 Licinium
689 849 864 889 Nervam
891 850 1013 890 etiam
1035 852 1093 891 ibi
1119 851 1325 904 appellant
1357 850 1520 890 codices
1546 850 1622 888 ho-

242 905 376 946 dierni
397 904 596 946 Dioniani.
655 906 822 960 Rectius
851 906 962 946 illum
988 908 1036 950 A.
1065 908 1265 948 Licinium
1290 907 1467 948 Nervam
1497 906 1621 946 Silia-

241 976 361 1011 num,
389 961 436 1002 Ρ.
459 959 548 1001 Silii
577 962 727 1011 filium,
756 966 894 1003 noster
921 968 1038 1004 vocat
1069 963 1264 1007 Velleius.
1293 962 1339 1020 *)
1369 963 1487 1014 Quod
1513 963 1620 1003 scili-

241 1024 309 1060 cet
331 1032 354 1059 e
379 1023 503 1071 gente
522 1019 652 1059 Silia·
639 1032 681 1058 ιιι
704 1019 902 1060 Liciniam
928 1020 1076 1060 fuisset
1100 1021 1337 1073 adoptatus,
1366 1033 1390 1059 a
1412 1020 1513 1060 Silio
1533 1020 1618 1078 illo,

241 1077 317 1117 sub
333 1089 426 1128 ,quo
452 1076 681 1116 tirocinium
702 1080 842 1127 egerat
867 1076 1069 1126 Velleius,
1099 1078 1306 1118 oriundus.
1363 1075 1483 1116 Illum
1505 1074 1619 1117 certe

240 1133 387 1173 ducem
428 1130 506 1187 **)
554 1133 737 1184 agnoscit
775 1133 866 1185 ipse
904 1133 1108 1187 Velleius,
1155 1135 1224 1187 qui
1262 1133 1377 1174 addit
1415 1138 1617 1186 praetera,

237 1194 511 1244 praereptum
541 1189 800 1241 immature,
826 1194 869 1229 et
897 1190 1054 1242 fructu
1093 1192 1375 1244 amplissimae
1414 1190 1619 1243 principis

238 1246 451 1286 amicitiae
491 1251 534 1285 et
572 1246 925 1286 consummatione
963 1252 1132 1287 evectae
1166 1249 1213 1288 in
1248 1248 1501 1288 altissimam
1533 1260 1618 1300 pa-

237 1308 487 1355 ternumque
521 1303 751 1355 fastigium
790 1304 984 1356 imaginis
1022 1303 1246 1356 desectum.
1310 1304 1417 1343 Hinc
1462 1303 1617 1355 colligi-

236 1372 350 1407 mus,
379 1359 454 1398 sub
491 1358 617 1398 finem
645 1359 738 1397 anni
778 1363 875 1402 761
905 1360 1085 1400 hibernis
1118 1374 1143 1400 a
1177 1361 1344 1400 Tiberio
1382 1360 1424 1399 in
1455 1359 1616 1400 Moesia

235 1416 412 1455 fortasse
444 1415 570 1455 fuisse
605 1416 879 1468 praefectum3
921 1429 1025 1456 anno
1063 1421 1199 1457 autem
1226 1420 1322 1467 762.
1349 1429 1443 1457 cum
1478 1417 1616 1456 adver-

235 1474 364 1513 sarios
391 1484 487 1511 suos
518 1472 761 1520 domuisset,
794 1472 889 1513 fatis
919 1475 1187 1514 concessisse.
1218 1478 1332 1514 certe
1359 1476 1454 1512 ante
1473 1473 1616 1513 trium-

234 1529 363 1583 phum
390 1529 556 1569 Tiberii.
618 1529 864 1569 Ornamenta
896 1531 1004 1570 enim
1039 1531 1297 1583 triumphalia
1330 1543 1421 1569 cum
1459 1529 1616 1570 Tiberii

234 1586 442 1638 triumpho
481 1582 737 1625 decernenda
781 1599 855 1638 pro
894 1588 1239 1627 consummatione
1280 1590 1445 1626 evectae
1482 1587 1524 1626 in
1557 1587 1615 1626 al-

234 1643 436 1682 tissimum
462 1645 755 1695 paternumque
782 1642 990 1694 fastigium
1018 1644 1204 1695 imaginis
1230 1644 1394 1692 habuit,
1426 1646 1473 1683 ut
1500 1647 1614 1695 puto,

233 1698 429 1739 Velleius.
489 1699 591 1738 Cum
625 1700 733 1738 enim
765 1698 845 1738 iam
875 1700 1017 1739 consul
1046 1700 1213 1750 suisset,
1262 1705 1306 1740 ut
1333 1701 1468 1740 fuerat
1495 1704 1614 1754 pater

230 1755 377 1804 Silius,
413 1756 493 1795 hoc
527 1758 663 1794 tamen
694 1756 836 1794 deerat
869 1757 920 1795 ad
959 1757 1195 1796 altissimum
1224 1762 1514 1809 paternumque
1545 1757 1613 1797 fa·-

232 1812 418 1864 stigium,
447 1816 493 1850 ut
529 1815 641 1850 esset
669 1812 946 1877 triumphalis,
977 1818 1021 1852 et
1049 1813 1333 1865 triumphalem
1370 1813 1543 1853 haberet
1569 1815 1613 1855 in

232 1869 366 1920 gentis
405 1881 502 1907 suae
539 1868 652 1906 atriis
688 1869 917 1919 imaginem.
984 1869 1102 1908 Illum
1144 1874 1258 1909 certe
1295 1870 1424 1909 iunxit
1463 1870 1612 1911 Seiano

231 1924 439 1972 Velleius,
469 1937 588 1977 quem
624 1925 925 1975 οδεειιαιειιιι,
961 1925 1004 1963 in
1034 1926 1113 1965 hoc
1143 1927 1288 1966 eodem
1318 1926 1451 1975 bello,
1483 1931 1612 1967 mate-

229 1982 291 2022 ria
321 1981 571 2033 adipiscendi
595 1980 852 2033 triumphalia
880 1982 1066 2021 similiter
1095 1983 1222 2022 fuisse
1253 1956 1476 2023 defectum.
1535 1985 1611 2024 Se-

230 2038 362 2078 cunda
392 2037 591 2077 exercitus
621 2051 740 2089 pars,
777 2051 879 2088 quae
908 2051 999 2078 cum
1031 2038 1198 2078 Tiberio
1237 2043 1324 2079 erat
1363 2043 1406 2078 et
1438 2039 1610 2080 Germa-

228 2096 341 2143 nico,
370 2094 414 2133 in
440 2094 638 2133 Delmatia
666 2094 838 2142 hiberna
861 2095 1022 2144 habuit,
1053 2094 1139 2148 (ubi
1167 2096 1263 2136 belli
1290 2096 1485 2147 reliquiae
1513 2110 1609 2148 pro,-

227 2152 432 2204 fligandae
464 2148 617 2204 erant,)
650 2150 817 2190 Tiberio
846 2155 889 2191 et
918 2151 1159 2191 Germanico
1189 2165 1240 2192 ex
1274 2153 1390 2192 Italia
1424 2166 1609 2205 reversu7

227 2209 285 2249 ris
311 2208 662 2260 opportunissima.
719 2207 859 2247 Tertia
893 2220 989 2259 ergo
1018 2210 1217 2249 exercitus
1249 2222 1355 2262 pars,
1383 2223 1486 2261 quae
1515 2223 1608 2252 cum

226 2265 387 2317 Lepido
418 2268 526 2312 erat,
564 2264 734 2303 hiberna
761 2263 903 2304 habuit
931 2265 974 2304 in
1012 2266 1099 2317 ipsa
1133 2267 1351 2318 superioris
1379 2266 1477 2306 belli
1507 2267 1607 2307 sede

226 2320 444 2361 Pannonia.
505 2320 619 2360 Illam
655 2321 828 2372 proinde
859 2321 985 2361 solam
1020 2327 1217 2362 memorat
1250 2322 1457 2371 Velleius,
1499 2323 1606 2374 quod

226 2379 314 2418 sola
343 2378 470 2419 fuerit
495 2377 638 2417 relicta
666 2378 744 2427 ibi,
779 2378 849 2417 ubi
879 2378 999 2429 paulo
1030 2384 1147 2419 antea
1187 2383 1295 2419 totus
1326 2378 1462 2418 fuerat
1489 2392 1606 2419 exer-

226 2436 352 2475 citus:
380 2435 552 2488 proinde
586 2435 731 2482 etiam,
764 2434 807 2472 ni
835 2434 976 2484 fallor,
1008 2436 1115 2486 quod
1145 2436 1202 2475 ibi
1232 2435 1363 2487 egerit
1391 2436 1481 2488 ipse
1505 2435 1606 2476 Vel-

223 2491 341 2532 leius.
399 2492 601 2546 Mansisse
630 2495 742 2531 certe
770 2490 812 2530 in
845 2491 950 2531 illius
984 2493 1076 2533 anni
1112 2505 1202 2532 cum
1230 2492 1385 2545 Lepido
1412 2492 1605 2542 hibernis,

224 2548 372 2589 exinde
406 2548 680 2601 suspicamur,
719 2547 849 2607 quod,
886 2561 980 2590 cum
1019 2549 1072 2593 ad
1104 2549 1274 2593 alteram
1310 2549 1409 2591 belli
1441 2548 1608 2591 Delma·
1685 2567 1689 2574 ⁴

312 2718 479 2810 nfesta-1
586 2719 644 2801 ι,
665 2727 750 2810 0222,
773 2717 866 2801 aa

1673 2879 1677 2887 ⁸
1675 2811 1689 2826 Ax
