1728 3054
324 244 755 288 n1sTou.n0M.
785 244 905 287 mu.
935 221 993 286 111·
1017 210 1153 286 car.
1181 248 1250 287 ευ.
1393 247 1478 288 195

106 366 245 422 opem
277 360 494 420 petierat,
541 358 651 404 dum
682 359 797 402 inter
830 357 993 405 ducem
1027 365 1071 404 et
1103 358 1360 418 supplicem
1382 364 1474 424 ⁶tu-

106 430 370 485 multuatur,
415 435 459 473 et
492 443 611 474 nunc
645 427 908 487 dignitatem
949 429 1134 484 retinet,
1181 442 1300 473 nunc
1334 429 1472 472 vitam

105 502 338 558 Precatur,
374 513 400 540 a
433 497 555 540 Titio
589 491 816 556 iugulatus
852 502 932 541 est.
979 497 1065 542 Cui
1097 497 1145 541 in
1177 502 1350 540 tantum
1385 496 1512 544 dtr-6

106 560 219 611 ravit
249 566 343 611 hoc
377 565 576 610 facinore
611 571 889 609 contractum
935 566 1115 623 odium,
1159 571 1210 610 ut
1251 579 1359 610 mox
1400 565 1477 629 lu-

107 634 190 679 dos
234 635 280 678 in
321 633 497 677 theatro
541 633 750 693 Pompeii
794 633 991 690 faciens,
1048 634 1331 678 execratione
1386 647 1478 695 po-

104 702 225 763 puli,
262 701 544 762 spectaculo,
578 702 703 760 quod
738 703 1010 761 praebebat,
1046 703 1303 762 pelleretur.

61 771 68 780 '
114 778 121 792 ²
245 771 379 817 CAP.
412 769 593 816 Lm.
644 771 900 827 Acciverat,
945 781 1107 832 gerens
1144 777 1300 817 contra
1333 770 1478 816 Pom-

104 839 259 898 peium
299 838 493 894 bellum,
551 852 607 883 ex
657 839 814 884 Africa
874 839 1038 885 Caesar
1075 839 1318 900 ”Lepidum
1373 850 1479 886 cum

102 906 205 952 XII.
247 907 500 966 semiplenis
533 905 802 967 legionibus.
871 908 963 954 Hic
996 909 1063 954 vir
1097 909 1297 954 omnium
1331 908 1480 970 vanis-

104 977 262 1031 s'imus,
296 990 442 1033 neque
475 975 570 1019 ulla
615 969 771 1020 virtute
815 982 908 1020 tam
941 978 1129 1038 longam
1163 978 1372 1025 fortunae
1404 978 1479 1021 ἰιι-Ἰ

104 1044 383 1104 dulgentiam
416 1045 617 1103 meritus,
661 1045 903 1090 exercitum
938 1046 1171 1106 Pompeii,
1216 1046 1323 1104 quia
1359 1059 1480 1106 pro-

101 1113 206 1173 pior
240 1112 409 1168 fuerat,
443 1119 715 1170 sequentem·
733 1128 824 1157 non
855 1111 1008 1172 ipsius,
1042 1112 1123 1159 sed
1158 1113 1361 1159 Caesaris
1393 1128 1480 1158 au-

104 1182 353 1225 ctoritatem
388 1195 443 1226 ac
479 1181 644 1237 fidem,
689 1182 773 1225 sibi
806 1182 1028 1227 iunxerat:
1070 1181 1335 1242 inflatusque
1376 1187 1518 1228 am·2

101 1249 218 1309 plius
250 1249 349 1294 XX.
383 1249 616 1308 legionum
648 1264 859 1306 numero,
902 1251 948 1294 in
989 1250 1039 1295 id
1082 1250 1245 1295 furoris
1286 1264 1477 1311 proces-

103 1315 243 1373 serat,
296 1324 346 1362 ut
387 1317 552 1362 inutilis
595 1319 642 1361 in
688 1319 834 1362 aliena
877 1320 1064 1365 victoria
1107 1334 1288 1376 comes,
1339 1335 1476 1378 quam
1534 1366 1547 1374 ,

63 1392 67 1394 ’
102 1386 182 1430 diu
215 1392 420 1449 moratus
464 1393 579 1444 erat,
634 1386 890 1431 dissidendo
943 1389 992 1431 in
1044 1389 1236 1432 consiliis
1281 1386 1478 1446 Caesari,

104 1461 148 1498 et
182 1469 361 1513 semper
395 1454 569 1498 diversa
597 1454 690 1510 his,
724 1470 841 1513 quae
876 1456 971 1500 aliis
1004 1456 1293 1514 placebant,·
1317 1456 1478 1502 dicen-

103 1522 189 1578 do,
233 1528 375 1580 totam
416 1523 648 1567 victoriam
691 1529 741 1567 ut
783 1539 909 1569 suam
952 1524 1340 1584 interpretaretur,
1394 1540 1478 1569 an-

103 1591 330 1650 debatque
363 1590 632 1637 denunciare
665 1591 859 1649 Caesari,
894 1593 1136 1638 excederet
1169 1593 1335 1639 Sicilia.
1369 1594 1516 1641 Nona

147 1711 230 1745 dur'n
253 1712 345 1746 inter
365 1711 486 1746 ducem
509 1717 544 1747 et
568 1712 754 1758 supplicem

101 1759 342 1792 tumultuatur.
364 1758 547 1802 Exquisite
568 1762 645 1803 p'ro,
668 1758 754 1793 'dum

100 1805 164 1847 per
194 1803 301 1836 animi
334 1805 629 1847 perturbationem
662 1804 754 1838 inter

101 1850 226 1882 ducem
256 1852 292 1882 et
312 1851 507 1894 supplicem
530 1851 693 1891 fluctuat,
714 1853 753 1885 ut

102 1894 235 1929 Seneca
274 1894 341 1938 Ep.
360 1897 412 1930 Α.
451 1896 628 1940 loquitur,
667 1897 752 1931 dum

100 1939 253 1974 incertus
285 1945 358 1983 est,
400 1942 531 1984 ducem,
553 1945 665 1987 figat,
706 1953 752 1977 an

101 1986 516 2068 {3⁹35⁰?1;1m²3¹'2²2¹.2“.5
537 1988 752 2069 ‘fftztffissf

102 2075 232 2112 carm(
249 2079 305 2113 16.
337 2079 393 2113 lo.
425 2091 534 2124 neque
564 2082 754 2115 consularis

101 2125 300 2158 Summooet
322 2126 422 2158 lictor
453 2127 592 2159 miseros
624 2126 754 2159 tumul-

101 2174 159 2203 tus
182 2170 322 2204 Mentis.
346 2170 484 2205 Seneca
506 2172 613 2205 Pater
635 2172 752 2208 Contr.

99 2215 158 2250 lv.
202 2225 288 2260 pag.
319 2215 401 2260 289.
446 2219 622 2260 confusum
668 2219 752 2251 ado-

102 2261 294 2307 tacentem*
322 2263 451 2304 subito,
490 2268 526 2297 et
566 2267 666 2297 tanto
697 2269 751 2297 tu·

100 2307 212 2341 malm
231 2318 358 2351 parum
380 2308 446 2342 sibi
467 2309 665 2344 constitisse.
687 2309 752 2343 Se-

100 2362 188 2386 neca
209 2353 240 2386 F
241 2353 278 2387 il.
300 2353 422 2398 Oedip.
453 2354 534 2390 328.
569 2355 659 2397 Quid
674 2356 755 2399 fari

100 2409 228 2443 queam
241 2399 336 2433 Inter
356 2401 523 2435 tumultum
543 2402 667 2435 mentis
697 2406 753 2435 at-

100 2444 234 2489 tqu'tae
254 2445 397 2490 vagas?
420 2446 484 2480 Sil.
507 2447 584 2481 Ital.
607 2447 651 2481 X.
669 2446 750 2482 373.

105 2490 197 2533 Quos
218 2491 309 2524 inter
330 2496 440 2525 motus
463 2493 594 2534 animi,
625 2497 752 2526 vanos-

102 2547 168 2580 que
189 2537 365 2571 tumultus.
389 2537 450 2571 ubi
471 2538 552 2572 vide
570 2539 749 2574 Drakenb.

102 2580 271 2616 Boethius
287 2583 331 2616 de
348 2583 484 2618 Consul.
505 2584 590 2628 phil.
614 2586 639 2619 1.
663 2595 747 2630 pag.

102 2625 184 2662 952.
217 2629 379 2672 quoniam
408 2630 575 2673 plurimun
604 2631 668 2665 tibi
685 2634 750 2674 af-

33 2691 39 2695 -
98 2674 254 2716 secturam
290 2675 456 2709 tumultus
493 2676 665 2719 incubuit,
695 2677 751 2711 di-

103 2729 305 2772 versumque
326 2725 361 2756 te
386 2720 502 2763 dolor,
523 2723 598 2764 im,
619 2733 753 2757 moeror

105 2763 312 2803 distrahunt.
348 2766 504 2803 Eandem
536 2768 645 2804 animi
676 2768 753 2815 agi-

818 1712 986 1748 tationem
1019 1712 1070 1748 sic
1090 1712 1260 1758 expressit
1282 1713 1475 1755 Sallustius

818 1760 895 1804 lug.
918 1759 978 1793 25.
999 1764 1095 1793 metu
1117 1765 1222 1805 atque
1243 1761 1399 1796 lubidine
1421 1759 1482 1796 ‹ii-¹

820 1817 937 1839 versus
960 1806 1180 1851 agitabatur.

865 1874 966 1909 CAP.
1002 1873 1145 1908 Lxxx.
1189 1875 1224 1916 §.
1263 1871 1300 1907 2.
1341 1878 1384 1910 ut
1421 1874 1478 1908 ἰπ-
1515 1910 1518 1917 ,

817 1921 916 1954 utilis
953 1920 1092 1954 alienae
1122 1919 1306 1954 'victoriae
1353 1931 1478 1955 comes.

818 1967 976 2010 Exempl.
990 1969 1115 2001 vetust.
1135 1965 1264 2000 habet:
1286 1969 1329 2000 ut
1342 1967 1479 2001 inutilla

818 2013 857 2046 in
879 2014 1017 2047 alienae
1052 2013 1221 2046 victoriae
1252 2022 1375 2046 comes.
1405 2012 1480 2046 Su-

818 2058 934 2102 spicer
966 2059 1171 2102 legendum:
1203 2062 1245 2092 ut
1275 2058 1408 2092 inutilia
1436 2058 1477 2093 t‘n

818 2106 939 2139 aliena
970 2104 1117 2138 victoria
1147 2114 1258 2137 comes
1288 2108 1356 2137 etc.
1397 2104 1476 2138 Bu-

814 2161 908 2184 nnn.
938 2149 1106 2186 Heinsius
1136 2149 1174 2182 in
1193 2160 1278 2183 cum
1299 2150 1477 2185 Rhenum

817 2196 922 2231 tollit.
944 2197 1022 2240 Ego
1045 2195 1234 2229 Burei-ium
1255 2207 1397 2240 sequor.

868 2264 1064 2298 dissidendo
1093 2263 1132 2298 ίπ
1163 2263 1312 2298 consiliis
1346 2263 1478 2298 Caesa·-

821 2310 883 2343 τίς.
906 2310 1083 2345 Acidalius
1105 2320 1172 2354 pro
1192 2310 1363 2351 Caesaris,
1382 2310 1476 2355 quod

820 2355 915 2389 Edit.
947 2367 1001 2400 pr.
1038 2356 1165 2399 habet,
1211 2361 1308 2392 recte
1352 2356 1477 2392 scribit
1502 2398 1506 2399 ⁷

825 2402 991 2437 Caesari:
1014 2401 1106 2447 quod
1127 2402 1255 2448 recepi.

863 2474 977 2504 tutam
998 2471 1193 2506 victoriam.
1221 2470 1379 2515 Exempl.
1403 2473 1480 2506 vet.

816 2515 946 2550 habet:
979 2521 1089 2552 totam
1111 2518 1300 2552 victoriam.
1332 2518 1473 2553 Baium.

861 2589 972 2619 totam
1001 2585 1180 2620 victoriam
1217 2589 1258 2621 ut
1289 2597 1390 2620 suam
1419 2585 1473 2629 in-

816 2636 1077 2675 terpretaretur.
1110 2631 1207 2666 Edit.
1228 2643 1281 2676 pr.
1304 2633 1473 2677 interpre-

820 2678 986 2718 tabatur,
1008 2677 1100 2722 quod
1123 2677 1249 2713 Editor
1267 2677 1378 2715 Banu,
1394 2685 1474 2712 cor-

818 2722 920 2757 rexit.
955 2723 1062 2759 Forte
1091 2723 1199 2758 etiam
1233 2723 1339 2760 scrib.
1361 2723 1471 2760 aude-

820 2773 940 2815 πεῖραρ
961 2780 1026 2815 pro
1047 2769 1275 2813 audebantque.

1173 2819 1261 2860 18*
