1728 3054
548 172 626 215 e.
665 170 948 216 venum
983 154 1377 218 rA-rnnotm

407 286 544 333 GAP.
595 285 715 333 cvl.
773 284 866 332 Ριὸ
904 287 983 334 Dii
1023 287 1156 345 boni,
1219 288 1374 347 quanti
1416 288 1656 336 voluminis

269 371 413 418 opera
445 355 694 414 insequenti
723 361 910 413 aestate,
946 357 1031 402 sub
1065 357 1185 403 duce
1222 357 1412 402 Tiberio
1447 357 1656 415 Caesare,

269 423 507 503 gessimus!
549 425 821 470 Perlustrata
854 426 987 470 armis
1021 431 1118 471 tota
1148 426 1399 471 Germania
1426 432 1506 472 est.
1569 427 1656 473 Vi-

270 479 372 542 ctae
403 499 588 554 gentes,
625 508 745 553 pene
783 494 1039 539 nominibus
1078 494 1349 555 incognitae.
1417 496 1655 556 Receptae

272 563 568 610 Cauchorum
613 563 824 608 nationes.
895 562 1054 609 Omnis
1095 578 1252 609 eorum
1287 563 1508 621 iuventus,
1550 564 1656 608 infi-

271 627 363 679 nita
396 646 610 686 numero,
644 631 861 677 immensa
891 632 1184 693 corporibuS,
1219 633 1306 677 situ
1332 633 1542 679 locorum
1580 639 1655 679 tu·-

270 701 463 758 tissima,
497 700 670 746 traditis
702 702 856 758 armis,
898 716 988 747 una
1018 716 1122 747 cum
1155 701 1344 748 ducibus
1372 703 1484 758 suiS,
1527 708 1655 762 septa

269 771 466 832 fulgenti
499 775 762 828 armatoque
800 771 989 815 militum
1026 776 1279 816 nostrorum
1308 772 1517 831 agmine,
1551 776 1655 817 aute

232 840 557 900 2imperatoris
591 839 834 899 procubuit
869 840 1078 884 tribunal.
1147 839 1302 886 Fracti
1341 839 1653 901 Langobardi,

267 924 381 970 gens
412 910 546 963 etiam
566 909 796 954 Germana
823 908 1001 954 feritate
1032 908 1244 954 ferocior.
1277 908 1500 968 Denique,
1526 907 1654 967 quod

266 993 499 1037 nunquam
532 985 662 1022 antea
695 993 776 1037 spe
808 983 1106 1037 conceptum,
1140 976 1310 1023 nedum
1338 992 1479 1038 opere
1506 983 1655 1022 tenta-

266 1053 365 1093 tum
397 1053 506 1102 erat,
542 1046 600 1091 ad
623 1046 1113 1106 quadringentesimum
1143 1046 1396 1111 miliarium,
1432 1062 1460 1091 a
1485 1045 1652 1091 Rheno

266 1132 409 1176 usque
452 1115 511 1161 ad
548 1116 715 1161 flumen
752 1116 933 1171 Albim,
992 1116 1068 1174 qui
1105 1114 1384 1161 Semnonum
1421 1115 1655 1160 Hermun-

269 1186 577 1244 durorumque
614 1185 724 1229 fines
760 1183 1058 1244 praeterfluit,
1104 1184 1336 1229 Romanus
1367 1199 1473 1230 cum
1518 1183 1654 1245 signis

228 1255 513 1316 aperductus
564 1254 800 1299 exercitus:
864 1258 909 1299 et
951 1253 1142 1309 eodem,
1196 1253 1309 1298 mira
1346 1245 1563 1299 felicitate
1608 1258 1654 1298 et

268 1339 378 1372 cura
411 1323 560 1380 ducis,
603 1328 863 1383 temporum
907 1336 1092 1382 quoque
1138 1322 1442 1379 observantia,
1489 1322 1653 1380 classis,

264 178 351 221 24⁰

271 1475 376 1510 Hanc
417 1472 606 1508 lectionem
644 1469 786 1515 Lipsius
828 1480 933 1514 prae-

267 1523 366 1557 clare
399 1519 577 1555 substituit
616 1522 800 1562 corruptae
832 1517 929 1553 Edit.

269 1580 322 1615 pr.
347 1568 396 1602 ad
421 1571 527 1616 eaput
551 1565 662 1600 Iuliae
677 1565 850 1609 fluminis.

314 1636 415 1671 CAP.
441 1635 528 1670 CVI.
562 1636 596 1678 §.
619 1634 656 1668 2.
695 1633 817 1667 Fracti
838 1632 933 1666 Lon-

267 1683 430 1738 gabardi.
479 1680 934 1725 Exemp1.vet.habet=

261 1731 375 1776 fracti
400 1728 643 1775 Langobardi.
675 1727 819 1762 Boium.

279 1811 283 1814 “
315 1810 403 1844 gens
433 1798 540 1832 etiam
574 1797 752 1830 Germana
779 1795 931 1839 feritate

262 1846 427 1890 ferocior.
452 1845 504 1878 Ad
529 1844 620 1877 hanc
644 1843 799 1877 formam
819 1841 929 1885 Quin-

269 1892 344 1926 ctil.
377 1891 476 1925 Deci.
508 1890 570 1924 111.
601 1889 659 1923 13.
703 1889 747 1922 de
777 1887 930 1922 Cimbris

270 1937 376 1972 dixit:
420 1938 603 1972 invisitata
636 1946 814 1979 corporum
853 1946 929 1968 ma-

268 1984 441 2031 gnitudo,
476 1995 587 2018 mores
611 1982 720 2018 etiam
745 1981 929 2016 Germanis

262 2032 350 2078 seri.

316 2110 494 2145 nunquam
524 2101 607 2133 ante
637 2079 697 2142 spe
732 2100 931 2140 conceptum

269 2150 338 2182 etc.
363 2147 433 2180 nic
456 2147 554 2179 locus
578 2155 601 2178 a
624 2144 710 2177 viris
734 2142 842 2176 doctis
867 2143 931 2176 ad-

269 2193 387 2228 hiberi
426 2193 592 2226 debuerat
634 2191 679 2224 ad
719 2189 930 2223 firmandam

269 2240 459 2275 lectionem
512 2237 607 2272 Livii
659 2234 928 2271 xxx111.33.

271 2286 348 2321 Hoc
372 2297 430 2331 spe
454 2285 652 2329 concipere,
686 2283 832 2316 audacis
850 2282 929 2315 am·-

269 2334 320 2368 νηί
346 2334 478 2376 fuisse:
525 2331 572 2364 ad
619 2331 775 2375 effectum
817 2328 932 2361 addu-

269 2390 367 2420 cere,
411 2378 552 2414 virtutis
597 2382 631 2411 et
666 2379 836 2421 fortunae
874 2375 932 2408 in-

271 2426 403 2474 gentis.

317 2496 536 2529 Semnonum.
557 2491 650 2526 Edit.
673 2502 725 2535 pr.
746 2491 929 2524 Senonum.

270 2540 340 2577 Sed
359 2538 506 2575 Putenni
519 2537 773 2572 correctionem
788 2538 932 2570 Semno-

269 2599 352 2621 num
381 2585 524 2633 egregie
555 2585 740 2619 confirmat
779 2582 928 2617 Monim.

268 2634 398 2678 Ancyr.
443 2644 486 2666 ex
515 2631 597 2665 edit.
633 2629 810 2664 chishuui
846 2639 927 2673 pag.

268 2679 350 2714 175.
389 2678 519 2713 Classis
543 2677 608 2711 Ro.
633 2678 678 2711 ab
703 2676 788 2710 ostio
812 2674 928 2709 Rhem'

269 2727 319 2762 ad
340 2726 422 2762 colis
453 2725 595 2761 orientis
617 2723 796 2771 regionem
818 2732 927 2769 usque

997 1469 1047 1505 ad
1069 1469 1160 1504 orb1's
1181 1471 1336 1504 extrema
1359 1469 1567 1526 nauigauit,
1586 1482 1652 1515 quo

996 1528 1107 1561 neque
1146 1521 1243 1551 terra
1283 1527 1394 1562 neque
1428 1518 1521 1551 mari
1559 1518 1654 1562 quis-

998 1574 1104 1609 quam
1127 1563 1362 1597 Romanorum
1385 1568 1468 1598 ame
1488 1563 1528 1597 id
1559 1569 1654 1597 tem-

995 1621 1063 1655 pus
1095 1610 1196 1644 adiit.
1238 1609 1429 1655 Cimbrique
1458 1614 1496 1644 et
1528 1610 1654 1644 Haru-

1000 1656 1061 1690 des
1108 1660 1143 1691 ct
1188 1656 1371 1690 Semnones
1421 1660 1456 1691 et
1500 1655 1654 1690 eiusdem

996 1706 1131 1737 tractus
1163 1703 1228 1736 alii
1257 1703 1507 1736 Germanorum
1533 1702 1655 1747 populi

995 1759 1062 1794 per
1085 1750 1220 1794 legatos
1247 1749 1440 1784 amicitiam
1467 1747 1583 1783 ineam
1619 1753 1653 1784 et

998 1795 1038 1831 P.
1070 1795 1109 1829 R.
1146 1795 1332 1840 petierunt.
1376 1796 1431 1830 De
1473 1795 1654 1830 Semnoni-

997 1842 1060 1924 :1:⁹3⁸
1090 1841 1172 1923 {ide
1201 1841 1356 1888 interpp.
1385 1841 1432 1878 ad
1459 1841 1558 1877 Flor.
1587 1841 1653 1878 IV.

1043 1978 1230 2023 perductus
1256 1979 1434 2014 exercitus.
1454 1977 1653 2014 Burmann.

998 2024 1045 2060 ad
1067 2026 1103 2059 h.
1127 2025 1152 2059 l.
1176 2029 1211 2059 et
1233 2026 1280 2059 ad
1301 2026 1398 2071 virg.
1422 2025 1574 2059 Ec1.111.
1593 2024 1652 2059 94.

997 2071 1100 2106 malit
1121 2071 1319 2115 productus.
1352 2075 1392 2106 n‘t
1415 2071 1460 2105 11.
1483 2070 1541 2105 78.
1571 2082 1654 2114 pro-

999 2118 1100 2152 ducto
1132 2129 1250 2152 eorum
1274 2119 1424 2154 exercitu
1443 2118 1481 2152 in
1503 2118 1653 2162 Syriam.

996 2163 1134 2208 Lipsius
1159 2163 1266 2199 etiam
1287 2165 1331 2200 11.
1356 2162 1437 2199 1⁰5.
1460 2175 1543 2208 pro,
1568 2163 1655 2198 anni

998 2212 1071 2245 eius
1104 2211 1262 2254 aestiva,
1291 2222 1397 2255 usque
1432 2210 1470 2245 in
1504 2221 1654 2244 mensem
1726 2247 1728 2250 ¹

997 2257 1219 2291 Decembrem
1242 2257 1438 2311 perducta,
1462 2257 1550 2301 legit
1568 2267 1654 2301 pro-

999 2303 1117 2338 ducta.
1155 2302 1395 2337 Librariorum
1426 2301 1463 2336 in
1493 2303 1549 2336 his
1573 2313 1654 2336 ver-

997 2349 1053 2384 bis
1090 2349 1331 2394 permutandis

997 2492 1075 2524 tum
1098 2488 1256 2531 videtur,
1288 2489 1434 2533 produci
1467 2488 1652 2522 exercitum

995 2534 1087 2589 dici,
1112 2534 1172 2579 qui
1194 2534 1231 2569 in
1253 2534 1370 2568 aciem
1389 2534 1548 2576 ducitur,
1569 2545 1653 2578 per-

994 2581 1140 2662 Ιῦιῖειοιιιὲειι
1160 2638 1248 2672 ergo
1270 2626 1306 2661 h.
1337 2627 1362 2661 1.
1386 2627 1594 2672 perductus,
1617 2627 1653 2660 et

993 2673 1120 2757 ξωῖὃ
1140 2674 1309 2721 producto
1325 2672 1364 2710 iu
1383 2673 1551 2720 perducto
1572 2683 1652 2708 mu·
1718 2735 1725 2746 „-

1363 2348 1504 2383 .levitas
1555 2348 1653 2391 facit,
1725 2372 1728 2390 3

997 2396 1058 2430 vix
1094 2401 1134 2430 ut
1163 2407 1287 2430 eorum
1317 2395 1502 2430 discrimen
1525 2394 1654 2429 consti-
1725 2395 1728 2413 ³

998 2442 1051 2476 tui
1074 2441 1191 2486 possit.
1215 2442 1309 2476 Illud
1332 2446 1449 2476 tamen
1471 2441 1555 2476 satis
1577 2452 1653 2474 cer-
1725 2456 1728 2457 ⁷

1129 2580 1191 2625 qui
1226 2582 1269 2615 ad
1292 2582 1410 2615 locum
1432 2579 1652 2616 destinatum.
1711 2584 1716 2586 '
