1728 3054
285 245 560 304 ursiton.
593 244 750 290 nom„
790 243 911 288 mn.
942 242 999 290 11.
1054 224 1192 289 car.
1222 247 1320 290 131.
1405 249 1493 294 289

111 357 403 409 &nacoliam
433 367 499 395 suo
529 353 962 394 mutuaretun'ntnmn
991 351 1109 393 dicam
1137 354 1327 403 devitiis,
1359 359 1488 405 quibua

172 416 291 452 medio
313 409 513 451 foedissime
532 416 768 451 deformatum
798 418 860 451 est.
904 416 1088 460 Utcunque
1107 425 1194 450 vero
1215 415 1284 459 sit,
1309 417 1486 454 noluimm

132 470 135 472 ’
226 473 400 519 insignem
437 474 642 519 scriptorem
682 473 752 508 situ
786 472 916 507 diutius
954 483 1199 508 emarcescere.
1266 474 1483 511 Protulimus

112 523 205 567 nm
224 522 262 567 ῑιί
279 531 459 574 nonium,
481 532 632 573 rrum,
659 530 720 566 „a
739 538 809 564 m
829 530 904 565 aino
925 530 1043 564 taedio
1063 530 1319 574 mmmmm,
1349 531 1423 566 iam
1444 531 1483 568 in

48 610 53 613 ,
110 591 280 633 {finum
307 597 438 623 unum
465 587 679 623 eui-datius
707 587 887 631 exemplar
914 588 1146 631 expectando,
1187 588 1356 623 cunctati:
1397 598 1481 633 pro-

114 644 281 687 tulimus,
308 643 470 690 iuquam,
503 649 543 680 ut
565 645 612 680 ab
634 643 715 679 aliis
737 643 791 678 illi
815 650 952 688 quoqne
974 644 1216 681 subveniatur-2
1250 645 1286 684 in
1318 646 1389 680 hoe
1410 656 1480 680 vo-

112 701 390 744 tureisimitati,
422 701 482 746 qui
503 701 707 747 priusquam
729 701 904 735 Medicina
934 701 971 735 in
1003 702 1088 737 artis
1120 702 1360 748 compendium
1392 705 1482 738 esset

111 760 276 804 redacta,
303 759 480 795 morbidos
509 759 670 793 homines
698 757 735 792 in
765 757 880 793 triviis
903 769 945 792 ac
967 760 1129 802 compitis
1153 761 1373 801 statuebant,
1397 764 1436 795 ut
1457 771 1481 796 a

112 818 410 862 praetereuntibus
430 815 609 850 vsalutaria
639 815 864 850 levandarmn
894 816 1155 861 aegritudinum
1187 817 1342 852 remedia
1371 817 1483 852 disce-

112 878 202 910 reut.
245 874 454 910 curavimus
483 878 601 908 autem
630 884 694 908 nos
725 873 836 907 multa
858 873 1005 907 vulnera
1025 875 1198 918 perfecte:
1233 874 1397 909 nonnulla
1418 874 1484 918 sic,

113 934 155 966 ut
185 932 329 967 cicatrix
359 931 556 966 etiamnum
587 933 774 975 apparent:
802 930 973 974 quaedam
1006 931 1136 975 splenio
1166 936 1302 967 tantum
1333 932 1481 966 obduxi-

113 998 203 1023 mus.
246 989 320 1024 Nee
340 993 522 1033 propterea
551 989 685 1023 unllam
718 987 808 1022 mibi
840 988 993 1033 gratiam
1017 988 1184 1032 habebis,
1215 989 1328 1024 amice
1358 990 1480 1030 lector,

113 1045 208 1089 quod
238 1057 307 1080 non
339 1046 456 1080 omnia
485 1045 704 1081 restituerim.
748 1045 788 1080 ld
819 1045 911 1079 enim
942 1046 1073 1090 absque
1104 1045 1330 1081 emendatiori
1361 1046 1482 1081 codice

113 1113 184 1139 non
217 1106 294 1138 erat
323 1102 497 1147 possibile.
549 1104 597 1138 At
630 1113 728 1138 mens
763 1105 799 1137 et
829 1101 950 1136 unicus
982 1108 1079 1145 erat,
1118 1109 1153 1139 et
1187 1103 1480 1140 mendosissimus.

114 1160 238 1195 Ausim
270 1160 407 1202 iurare,
440 1171 520 1194 enm
534 1184 546 1202 ,
580 1159 640 1204 qui
675 1160 777 1195 illum
808 1159 1052 1204 descripserat,
1093 1168 1137 1194 ne
1166 1163 1314 1196 verbum
1342 1162 1482 1206 quidem

114 1218 340 1252 intellexisses
373 1218 461 1252 adeo
492 1217 612 1252 omnia
643 1222 742 1252 eraut
773 1217 946 1259 confusa,
977 1218 1108 1261 absque
1139 1219 1221 1253 ullis
1252 1215 1385 1264 punctis
1417 1223 1482 1255 aut

114 1274 401 1309 distinctionibus.
448 1275 549 1319 Quod
570 1274 601 1308 si
624 1279 662 1310 tu
684 1275 810 1316 scires,
843 1285 948 1318 quam
972 1285 1038 1319 ego
1062 1276 1250 1311 laborarim
1273 1277 1308 1311 in
1331 1277 1386 1311 his
1408 1278 1483 1311 fra-

114 1332 265 1379 gmentis
293 1336 467 1376 utcunque
498 1331 739 1374 restituendis,
785 1333 888 1366 eredo
923 1331 1088 1366 fateberis
1125 1337 1159 1367 te
1200 1334 1290 1368 mihi
1323 1334 1481 1369 nonnihil

115 1392 254 1425 debere.
300 1390 419 1434 Neque
442 1389 534 1424 enim
557 1390 642 1434 quia
664 1395 704 1425 tu
722 1390 834 1424 multa
856 1389 987 1432 absque
1010 1389 1199 1425 ostensione
1219 1391 1325 1437 legis,
1347 1391 1480 1426 idcirco

115 1449 223 1483 codex
254 1448 378 1492 planus
411 1451 510 1482 erat:
541 1448 614 1482 imo
643 1447 732 1482 nihil
763 1450 838 1480 erat
874 1457 943 1480 nou
982 1446 1231 1490 depravatum:
1265 1449 1301 1482 iu
1333 1448 1481 1493 singulis

115 1518 205 1553 pene
235 1506 351 1541 verbis
384 1506 605 1542 haerebatur.
652 1505 867 1539 Fatebuntur
898 1514 955 1538 me
996 1515 1080 1538 vera
1119 1505 1254 1547 dicere,
1286 1505 1481 1549 quicunque

114 1566 290 1599 vetustum
311 1563 466 1598 codicem
488 1562 719 1607 inspexerint,
750 1562 809 1606 qui
832 1561 868 1596 in
890 1561 1110 1596 Murbacensi
1132 1562 1346 1598 bibliotheca
1364 1563 1480 1596 adhue

114 1625 324 1658 asservatur.
368 1621 518 1656 Proinde
540 1621 678 1666 cogita,
711 1619 847 1663 quantis
878 1618 968 1653 mihi
998 1618 1130 1664 viginis
1161 1620 1352 1655 constiterit
1387 1620 1480 1655 haec

117 1680 230 1725 qualis
253 1679 366 1724 qualis
387 1678 584 1724 castigatio.
630 1679 709 1712 Hoc
731 1688 801 1711 non
823 1676 894 1711 alia
915 1676 1032 1722 gratia
1055 1678 1158 1720 dico,
1182 1687 1288 1722 quam
1310 1678 1401 1722 quod
1423 1677 1479 1712 vi-

117 1738 183 1772 deo
213 1737 382 1782 quosdam
410 1735 664 1780 ingratissimos
693 1734 887 1770 alienorum
918 1735 1079 1768 laborum
1108 1735 1363 1779 aestimatores,
1404 1735 1479 1772 imo

118 1793 305 1835 derisores,
333 1793 393 1838 qui
415 1804 494 1827 cum
525 1793 594 1837 ipsi
626 1793 715 1827 nihil
738 1795 930 1837 praestent,
964 1791 1032 1826 hoc
1054 1793 1209 1838 agenteis
1231 1804 1315 1828 naso
1338 1804 1462 1838 suspen

116 1853 211 1887 dunt.
256 1852 347 1887 Nam
369 1862 450 1885 cum
471 1850 706 1895 superioribus
738 1848 835 1884 annis
863 1849 999 1884 Ludum
1032 1851 1165 1885 Annaei
1194 1851 1347 1886 Senecae
1375 1851 1480 1886 scho-

115 1910 174 1945 liis
203 1909 291 1944 meis
320 1908 574 1953 exposuissem,
605 1909 766 1942 libellum
796 1918 865 1942 non
896 1907 1009 1942 minus
1038 1908 1267 1957 depravatum
1290 1919 1394 1952 quam
1416 1920 1480 1944 ve-

113 1971 244 2010 ίοτοῐιι,
278 1967 398 2002 statim
427 1963 682 2011 reprehendere
711 1977 769 2000 me
800 1965 963 2009 quidam,
996 1966 1179 2000 temerarie
1209 1967 1342 2000 factum
1376 1976 1398 2000 a
1419 1977 1478 2002 me

116 2025 330 2067 dictitantes,
369 2025 461 2068 quod
492 2023 567 2059 eius
608 2023 739 2059 autoris
771 2022 1087 2067 interpretationem
1122 2022 1371 2068 suscepissem,
1415 2023 1477 2068 qui

115 2083 206 2117 mihi
227 2087 319 2118 totns
349 2093 419 2116 non
441 2086 531 2117 esset
559 2082 730 2127 cognitus.
776 2080 888 2125 Quasi
911 2091 1014 2122 vero,
1046 2079 1108 2124 qui
1138 2080 1210 2115 iam
1241 2079 1328 2114 olim
1358 2083 1478 2124 poem

116 2142 343 2183 enarrarunt,
380 2143 440 2174 ant
471 2145 586 2174 nostro
617 2139 735 2173 seculo
773 2142 852 2172 sunt
884 2137 1119 2182 interpretati,
1163 2148 1232 2171 nou
1261 2137 1478 2174 coniecturas

114 2198 317 2243 plerumque
339 2198 551 2242 sequantur?
595 2198 639 2231 Et
670 2208 738 2230 nou
760 2206 931 2241 magnum
953 2195 1017 2236 sit,
1050 2194 1104 2229 rei
1125 2195 1296 2239 pretiosae
1317 2196 1374 2230 vel
1396 2207 1479 2240 par-

114 2259 187 2290 tem
218 2255 368 2296 habere,
407 2255 438 2290 si
465 2254 637 2300 integram
660 2253 836 2298 possidere
867 2264 935 2287 non
966 2251 1096 2286 detur?
1136 2253 1182 2288 At
1212 2256 1398 2298 nugatores
1419 2253 1478 2290 isti

116 2313 203 2348 adeo
235 2323 294 2347 me
322 2324 391 2347 nou
421 2313 657 2348 deterruerunt
687 2322 710 2346 a
740 2310 914 2356 proposito
946 2310 1119 2344 veteribus
1141 2321 1212 2354 qua
1234 2310 1315 2346 licet
1337 2323 1479 2347 succur-

116 2370 234 2412 rendi,
264 2373 302 2405 nt
331 2382 421 2404 nuuc
452 2382 520 2405 uon
542 2371 655 2405 solum
678 2369 850 2403 Velleium
871 2367 1037 2403 ediderim
1060 2368 1321 2413 semuncem,
1359 2370 1418 2404 sed
1441 2375 1477 2406 et

115 2427 328 2464 Tertulliani
357 2428 466 2462 libros
495 2426 719 2462 vetustissimi
749 2426 838 2460 inter
860 2425 1072 2460 Christianos
1094 2424 1288 2470 scriptoris,
1323 2428 1477 2463 mendosi

115 2488 253 2528 tamem
285 2496 365 2521 mea
395 2495 479 2519 cura
510 2495 531 2518 e
562 2484 712 2518 tenebris
744 2489 882 2527 erutos,
917 2484 1009 2528 apud
1032 2482 1242 2517 Frobenium
1264 2485 1479 2520 excudendus

114 2553 256 2586 curan,
286 2542 323 2577 in
345 2553 445 2576 usum
465 2541 625 2576 videlicet
646 2542 699 2576 rei
722 2541 958 2586 theologicae,
988 2545 1022 2575 et
1046 2542 1091 2575 ad
1114 2544 1322 2575 vetustatem
1342 2541 1475 2577 illumi-

114 2599 287 2642 nandam,
317 2604 482 2643 quantum
503 2600 547 2635 ad
569 2611 643 2634 rem
667 2599 902 2634 Christianam
923 2597 1056 2632 attinet.
1103 2598 1307 2648 Caeterum,
1340 2598 1475 2642 optime

111 2656 239 2700 lector,
282 2657 418 2692 videtur
447 2656 506 2691 hic
537 2668 660 2701 parum
696 2657 813 2690 deesse
845 2656 881 2690 in
919 2655 986 2689 hac
1019 2653 1300 2698 pei-oratiuncula
1333 2656 1469 2691 votitia.

111 2712 204 2749 Nam
235 2713 273 2750 in
307 2714 499 2760 exemplari
529 2726 648 2751 versus
680 2714 815 2759 aliquot
855 2715 953 2748 erant
983 2711 1094 2754 erasi,
1126 2711 1247 2746 forsan
1275 2713 1321 2748 ab
1354 2714 1472 2759 aliquo

1123 2774 1180 2814 19
