1728 3054
247 178 358 239 '12x1v
607 196 891 239 HENR101
936 196 1292 240 nonwntm

246 323 430 363 quaeque
457 309 612 362 patriae
643 310 746 348 fines
779 320 944 359 egressa
980 321 1062 349 non
1090 309 1236 360 fuerit,
1283 311 1507 354 tribunatus
1542 313 1627 364 ille,
1699 360 1705 364 .

238 368 299 407 'de
328 380 406 419 quo
437 367 613 417 agimus,
649 377 730 404 non
759 365 998 414 castrensis,
1032 365 1108 406 sed
1137 368 1432 410 beneficiarius.
1489 370 1627 411 Fecit·-

246 437 326 476 que
355 424 479 462 otium
519 422 645 460 sudiis
689 421 793 470 fori,
840 434 921 462 non
954 422 1085 462 minus
1125 425 1177 464 ad
1216 426 1504 479 rempublicam
1542 431 1626 467 tra-

244 480 429 520 ctandam
457 477 722 529 necessariis,
752 491 872 530 quam
900 479 1053 519 fuerint
1079 479 1150 520 illa
1177 482 1356 523 militiae.
1392 483 1493 523 Inde
1528 495 1627 523 con-

245 541 483 577 sentaneum
533 539 644 586 erat,
693 538 742 574 ut
770 536 1019 576 vacationem
1055 536 1166 578 illam
1204 551 1229 578 a
1269 540 1503 580 muneribus
1541 544 1625 581 tam

244 593 356 633 brevi
386 591 516 645 spatio
548 591 866 631 concludendam
894 605 976 632 non
1012 595 1299 648 permitterent
1332 597 1625 647 tantummodo,

244 662 384 688 verum
421 648 542 688 etiam
579 648 620 687 in
644 648 792 700 legem
832 653 1047 690 verterent.
1104 652 1354 704 Supererant
1383 654 1489 694 enim
1517 654 1625 693 inter

244 705 427 744 Graecae
456 691 743 757 Romanaeque
770 705 994 757 pubertatis
1023 707 1125 747 fines
1155 709 1247 748 anni
1277 710 1448 762 aliquot,
1479 711 1625 750 studiis

242 762 358 801 hisce
382 766 465 801 tam
492 762 657 801 utilibus
687 762 808 802 etiam
835 763 915 815 ipsi
951 776 1032 803 non
1070 765 1246 808 inutiles.
1311 766 1455 807 Potest
1485 767 1626 819 itaque

240 818 321 858 hoc
351 819 473 859 etiam
505 819 626 858 modo
653 819 827 870 intelligi
855 823 1079 860 castrorum
1109 822 1357 874 tribunatus,
1388 824 1624 875 rectiusque

241 888 362 927 quam
399 875 452 915 de
497 876 702 914 tribunatu
737 876 1006 927 praetoriano.
1073 877 1137 917 Ne
1174 879 1336 930 quidem
1363 879 1431 920 hic
1459 881 1625 920 nocebit

238 932 464 972 rationibus
493 932 660 981 nostris,
690 945 785 983 quas
815 932 1022 980 dedimus,
1051 933 1357 987 chronologicis.
1401 936 1504 977 illud
1534 950 1624 976 cer-

237 993 346 1037 tum,
382 989 460 1028 hoc
499 989 610 1028 urbis
641 1001 745 1028 anno
775 987 1026 1029 Varroniano
1054 993 1151 1032 757.
1180 991 1304 1032 finem
1332 993 1462 1033 fuisse
1492 994 1623 1033 tribu-

239 1052 358 1086 natus
395 1044 545 1086 Velleii
580 1045 794 1085 castrensis
839 1046 1032 1095 universi,
1081 1047 1239 1087 initium
1274 1053 1409 1090 autem
1447 1050 1619 1089 militiae

238 1115 378 1154 novae,
413 1115 531 1154 quam
552 1102 717 1155 „obierit
752 1102 827 1141 sub
865 1102 1046 1142 Tiberio.
1111 1104 1204 1144 Non
1231 1102 1275 1159 *)
1310 1106 1379 1145 diu
1411 1103 1623 1146 Tiberium

237 1163 331 1212 post
370 1159 627 1211 adoptionem
665 1160 708 1198 in
743 1160 844 1198 urbe
890 1159 989 1198 dicit
1038 1165 1234 1201 moratam
1271 1161 1400 1202 fuisse
1436 1163 1622 1216 patriam,

237 1216 313 1255 sed
350 1217 532 1268 protinus
570 1216 614 1255 in
657 1216 912 1255 Germaniam
951 1216 1122 1256 misisse.
1179 1218 1236 1258 Et
1272 1231 1318 1258 se
1347 1220 1469 1260 etiam
1496 1224 1623 1260 testa-

236 1276 305 1312 tur
330 1272 410 1312 hoc
440 1274 530 1324 ipso
562 1277 745 1325 tempore
783 1272 940 1312 Tiberii
976 1273 1160 1313 Caesaris
1199 1275 1369 1315 militem
1397 1277 1527 1316 fuisse
1556 1277 1622 1316 fa-

236 1333 370 1377 ctum,
398 1334 440 1368 et
468 1330 650 1381 protinus
690 1331 739 1368 ab
778 1330 994 1381 adoptione
1033 1330 1197 1370 missum
1237 1345 1329 1371 cum
1366 1346 1416 1373 eo
1457 1332 1622 1386 praefe-

236 1390 346 1425 ctum
377 1387 554 1437 equitum
592 1386 720 1426 fuisse
759 1386 802 1425 in
840 1386 1110 1427 Germaniam.
1168 1387 1324 1428 Tiberii
1363 1390 1620 1442 adoptionem

237 1455 288 1481 eo
317 1442 359 1481 in
388 1443 501 1490 loco,
547 1443 589 1482 ni
627 1443 771 1491 fallor,
811 1443 1038 1495 intelligit3.
1058 1456 1139 1484 non
1178 1449 1312 1485 autem
1340 1458 1454 1486 suam
1483 1446 1621 1486 Velle-

233 1499 321 1549 ius,
348 1503 394 1538 nt
423 1499 636 1550 aliquando
668 1500 893 1551 suspicatus
921 1513 1031 1548 sum,
1068 1513 1093 1541 e
1131 1505 1274 1552 gente,
1313 1503 1355 1542 in
1395 1516 1473 1555 qua
1502 1507 1620 1542 natus

234 1555 375 1603 fuerit,
412 1555 561 1607 Magia.
619 1557 713 1595 Non
752 1557 869 1595 aliter
896 1557 1048 1609 potuit,
1078 1561 1123 1596 ut
1152 1558 1422 1608 ostendimus,
1450 1573 1525 1611 per
1553 1572 1622 1598 an-

235 1625 310 1652 nos
341 1613 549 1652 continuos
591 1612 649 1652 IX
689 1613 846 1652 Tiberii
886 1617 1092 1665 spectator
1119 1613 1246 1654 fuisse
1275 1621 1343 1656 aut
1371 1617 1554 1664 adiutor,
1584 1616 1621 1655 si

235 1669 365 1708 serior
403 1670 489 1708 eius
528 1669 598 1708 illa
639 1670 765 1709 fuerit
806 1683 896 1709 cum
936 1670 1103 1710 'liberio
1140 1672 1293 1714 militia.
1361 1672 1500 1713 Potuit
1537 1673 1621 1712 for-

233 1729 344 1765 tasse
391 1725 598 1791 triumpho
639 1726 796 1765 'liberii
839 1727 1012 1778 spatium
1069 1727 1169 1767 illud
1218 1729 1445 1778 terminari,
1484 1733 1526 1769 et
1565 1730 1620 1786 ᾣ

233 1785 381 1834 coepto
410 1782 607 1820 novennio
651 1782 858 1821 dumtaxat
894 1783 1086 1833 intelligi,
1125 1797 1216 1823 cum
1253 1790 1366 1825 certe
1404 1787 1510 1825 ultra
1549 1799 1620 1824 an-

232 1851 329 1878 num
358 1838 470 1876 urbis
499 1840 596 1879 765.
628 1838 855 1889 triumphus
893 1839 963 1877 ille
994 1839 1242 1879 differendus
1280 1853 1360 1880 non
1390 1843 1455 1882 sit.
1513 1842 1619 1882 Illud

233 1898 413 1945 certum,
443 1897 537 1946 post
564 1894 833 1948 triumphum,
872 1907 1075 1948 nunquam
1111 1896 1260 1936 deinde
1287 1896 1330 1938 iu
1359 1898 1618 1940 Germaniam

232 1951 407 1992 rediisse
433 1950 659 1992 Tiberium.

535 2035 554 2056 0

287 2105 328 2162 §.
358 2111 428 2151 16.
474 2106 634 2162 Legati
670 2107 883 2161 legionum
928 2119 1013 2148 non
1052 2107 1126 2149 aliz·
1163 2109 1250 2150 illis
1287 2111 1556 2164 temporibus,

402 2175 527 2220 quam
555 2165 694 2217 tertii,
725 2164 783 2204 ad
813 2166 1051 2215 minimum,
1088 2168 1191 2207 anni
1218 2173 1447 2209 senatores-

342 2267 497 2308 Mansit
533 2280 632 2320 ergo
675 2265 859 2308 Velleius
895 2266 938 2306 in
979 2267 1058 2307 hoc
1100 2270 1223 2310 tertio
1271 2270 1439 2310 militiae
1485 2268 1614 2321 gradu

229 2324 415 2376 biennio,
450 2337 578 2376 usque
614 2323 666 2364 ad
705 2323 905 2375 equestris
942 2325 1110 2365 militiae
1139 2327 1274 2370 finem.
1331 2329 1448 2367 Anno
1478 2331 1614 2367 autem

228 2382 344 2422 urbis
373 2384 470 2424 759.
500 2381 672 2434 expletis
702 2380 940 2433 stipendiis,
971 2381 1101 2422 Roma
1131 2384 1320 2429 adeunda
1345 2387 1433 2422 erat
1460 2383 1511 2423 ad
1539 2379 1613 2436 'pe-

228 2439 394 2478 tendam
423 2443 689 2490 quaesturam.
746 2437 942 2476 Redierat
971 2443 1107 2479 autem
1137 2441 1209 2480 sub
1238 2441 1360 2480 finem
1394 2438 1486 2479 anni
1513 2442 1612 2482 758.

226 2494 354 2535 finitis
385 2495 559 2544 aestivis,
588 2491 630 2534 in
649 2494 791 2534 urbem
813 2490 1014 2542 Tiberius,
1045 2501 1087 2534 et
1116 2509 1208 2537 cum
1236 2510 1285 2536 eo
1315 2496 1490 2536 fortasse
1509 2493 1609 2536 Vel-

224 2551 341 2592 leius.
400 2552 486 2593 Sed
519 2552 647 2593 maior
675 2551 910 2593 imminebat
948 2552 1022 2593 sub
1050 2552 1211 2596 initium
1247 2554 1342 2596 anni
1378 2555 1476 2597 759.
1513 2552 1610 2595 beni

315 2742 359 2788 *J
376 2741 465 2777 ven.
485 2741 549 2778 1112.
572 2742 619 2779 11.
640 2752 717 2788 cap,
738 2741 820 2779 104.
1610 2722 1620 2796 [ἶ
