1728 3054
432 224 742 270 ANNALns
787 196 1159 267 venusiam
1433 225 1482 268 ιι

98 340 208 382 talis.
263 333 464 381 Aeeurate
492 335 722 379 admodum.
777 335 836 376 Ut
861 338 1138 388 rectepomet
1160 327 1353 376 'dubitare
1378 315 1488 376 Vel-¹

99 396 333 509 treguas-:laeui
360 394 723 485 aetatiqhistoriam
756 392 869 434 illam
907 392 1176 444 concederet,
1211 392 1388 442 suaeue,
1423 404 1476 440 1111

148 581 150 589 ’
197 597 238 654 s
265 601 307 646 o.
342 595 513 638 mmm
547 592 709 635 Veneto
742 593 789 634 a·
819 592 976 634 meleta-a
1010 594 1202 650 equestri
1229 591 1408 651 gradu»—

322 674 324 676 ·
531 652 809 706 praefectura
837 650 1037 691 cohortis.

200 763 442 806 *Constituto
482 773 581 815 ergo
607 761 733 803 natali
759 761 889 803 nostri
926 762 1102 802 auctoris
1131 774 1256 812 anno,
1293 762 1374 803 iam
1408 774 1477 804 re-

100 821 211 876 liqua
238 822 325 874 eius
359 826 545 874 tempora
583 819 791 868 similiter,
836 831 911 871 pro
945 819 1053 858 virili
1087 823 1247 866 nostra,
1285 820 1478 872 dispone-

101 891 205 920 mus.
259 877 444 930 Inprimis
475 880 787 917 consentaneum
812 879 921 923 erat,
957 878 1004 915 ut
1030 888 1135 915 anno
1162 875 1276 915 urbis
1306 879 1404 918 749.
1434 880 1478 917 et

100 939 238 988 togam
265 934 474 982 sumserit,
515 938 559 973 et
571 943 688 972 ‘cnm
724 937 820 983 toga
855 931 1022 972 militiae
1058 932 1288 971 tirocinium
1326 932 1475 982 inierit,

100 991 247 1032 aetatis
272 990 459 1031 nimirum
487 1001 591 1029 anno
619 987 730 1030 XIV.
761 987 958 1038 absoluto,
987 987 1076 1029 XV.
1105 992 1240 1028 antem
1268 988 1471 1029 inchoato.

101 1047 343 1101 Equestrem
372 1051 529 1095 autem,
568 1045 622 1085 de
650 1057 727 1097 qna
754 1044 931 1096 loquitur
957 1043 1165 1094 Velleius,
1192 1045 1375 1085 militiam
1402 1044 1477 1085 tri-

100 1104 178 1144 bus
204 1095 455 1158 potissimum
485 1102 678 1154 gradibus
707 1101 890 1149 distinxit
917 1101 1132 1151 Claudius,
1159 1099 1207 1157 *)
1248 1107 1293 1142 ut
1319 1102 1477 1143 scilicet

100 1161 232 1214 primo
259 1160 491 1208 cohortem,
518 1162 611 1212 post
639 1158 847 1198 cohortem
881 1158 1008 1208 alam,
1043 1162 1138 1212 post
1164 1158 1269 1198 alam
1296 1159 1477 1200 tribuna-

100 1221 190 1262 tum
223 1216 393 1268 legionis
423 1216 551 1254 daret.
608 1214 771 1254 Ordinis
798 1215 987 1254 nimirum
1014 1214 1213 1266 equestris
1240 1215 1478 1256 adolescen-

101 1277 166 1315 ιω
192 1285 354 1325 semper
382 1271 561 1324 corporis
590 1271 653 1311 sui
680 1271 874 1311 militibus
898 1272 1093 1323 gregariis
1112 1271 1314 1324 praefecti
1338 1275 1474 1312 erant:

99 1329 300 1384 praefecti
327 1328 513 1368 nimirum
542 1327 776 1368 cohortibus
804 1331 925 1379 atque
953 1327 1027 1367 alis
1040 1357 1053 1377 ,
1089 1333 1135 1368 ut
1162 1325 1281 1368 erant
1305 1328 1479 1369 Tribuni

102 1386 225 1427 etiam
263 1385 462 1439 praefecti
500 1385 542 1424 in
578 1384 816 1436 legionibus.
869 1384 997 1424 Paulo
1019 1384 1143 1424 *aliter
1169 1384 1264 1435 ille,
1291 1385 1367 1425 sub
1397 1393 1479 1438 quo

100 1441 285 1484 Velleius
313 1441 516 1490 militavit,
550 1441 768 1492 Augustus.
825 1439 960 1480 Maior
988 1445 1098 1489 erat,
1127 1442 1201 1480 sub
1229 1442 1323 1490 illo,
1359 1455 1478 1494 prae-

101 1498 237 1539 fectus
263 1498 352 1538 alae
378 1497 540 1537 tribuno
577 1497 768 1548 legionis,
806 1500 854 1536 ut
889 1497 1012 1536 facile
1047 1496 1251 1550 colligitur
1278 1510 1303 1537 8
1330 1497 1478 1538 Sueto·-

102 1555 184 1603 nio.
210 1553 260 1579 *¹¹¹
310 1553 357 1593 ld
386 1566 543 1606 quoque
570 1554 777 1606 proprium
803 1553 1006 1594 habehant
1032 1555 1108 1593 sub
1138 1556 1320 1606 Augusto
1352 1554 1479 1595 Sena-

103 1615 238 1651 torum
282 1610 395 1658 'beri,
423 1610 531 1661 quod
557 1610 652 1658 illis,
673 1607 767 1664 ***)
804 1622 885 1663 quo
918 1611 1100 1650 celerius
1123 1604 1378 1665 reipublicae
1406 1619 1476 1661 ass-

105 1672 368 1715 suescerent,
398 1668 599 1719 protinus
635 1666 799 1705 virilem
838 1670 998 1719 togam,
1048 1666 1179 1706 latum
1216 1666 1377 1707 clavum
1409 1669 1475 1708 in<

107 1722 262 1771 duere,
301 1727 343 1761 et
368 1719 514 1762 cu‘riae
540 1723 761 1774 interesse,
786 1723 1053 1774 permiserit.-
1089 1724 1366 1776 militiamque
1399 1737 1475 1764 au-

104 1779 355 1832 ψίοᾱὲίίὂιιε
378 1790 462 1820 non
486 1778 746 1818 tribunatum
768 1776 892 1817 modo
921 1779 1153 1831 legionum,
1181 1779 1257 1820 sed
1287 1785 1330 1819 et
1346 1793 1475 1833 prae-

94 1837 296 1888 fecturas
325 1834 486 1877 alarum
512 1833 693 1874 dederit.
758 1834 814 1873 Hi
849 1846 947 1886 ergo
985 1835 1168 1877 militiam
1207 1849 1230 1875 a
1267 1836 1474 1876 tribunatu

28 1895 37 1905 ”
104 1892 239 1932 statim
267 1891 593 1943 auspicabantur,
618 1895 684 1930 'ut
721 1891 854 1930 nullae
890 1892 1062 1944 proinde
1097 1892 1251 1931 fuerint
1286 1893 1365 1932 illis
1406 1906 1475 1933 co-

57 1968 70 1974 ”
103 1948 280 1988 hortium
315 1947 611 1999 praefecturae.
668 1947 757 1986 Alia
794 1950 882 1986 erat
917 1959 1037 1987 eausa
1073 1949 1376 1988 adolescentum
1415 1950 1478 1989 fa·

104 2004 229 2044 mnus
253 2005 374 2044 etiam
405 2003 616 2042 senatoriis
645 2004 928 2052 oriundorum,
957 2004 1155 2049 sitamen
1175 2005 1367 2057 patribus
1397 2018 1477 2046 non

104 2061 278 2101 fuissem
304 2061 382 2100 orti
410 2059 682 2099 Senatoribus.
740 2060 840 2108 His,
879 2065 924 2099 ut
960 2061 1032 2100 lati
1069 2062 1169 2100 clavi
1197 2068 1307 2101 aetas
1335 2075 1479 2114 prove-

106 2117 210 2158 otior
235 2122 345 2165 erat,
375 2117 432 2155 ita
460 2117 581 2155 etiam
609 2117 834 2156 tribunatus
863 2117 1008 2162 dilatos
1036 2117 1187 2166 fuisse,
1225 2119 1290 2157 vel
1319 2132 1371 2158 ex
1400 2119 1478 2158 hoc

106 2174 198 2226 ipso
231 2173 322 2213 loco
364 2172 600 2224 colligimus.
655 2173 820 2212 Habere
856 2174 962 2212 enim
1003 2174 1142 2214 nescio
1185 2175 1280 2226 quid
1318 2181 1479 2214 senato·
1529 2196 1533 2201 ·

22 2250 27 2253 -
104 2231 210 2270 rium
236 2230 447 2269 videbatur
486 2229 693 2281 proximus
732 2230 802 2269 ille
840 2230 1007 2270 militiae
1049 2232 1274 2271 senatoriae
1314 2232 1479 2284 gradus,

105 2286 148 2326 i-
185 2286 363 2338 equestri
399 2284 562 2334 militia,
610 2286 849 2325 tribunatus.
916 2287 1014 2326 lnde
1050 2287 1226 2336 factum,
1263 2289 1305 2327 ni
1344 2288 1483 2336 fauor,

106 2343 217 2395 qnod
242 2343 345 2382 latus
373 2341 528 2390 clavus,
560 2338 650 2396 (qul
678 2349 907 2383 senatorum
936 2348 1046 2392 erat,
1075 2350 1120 2384 ut
1148 2349 1342 2396 angustus
1366 2345 1479 2396 equi·

106 2397 215 2456 tum)
242 2400 488 2439 tribunatum
524 2399 682 2438 inituris
711 2400 879 2440 concedi
908 2400 1083 2449 soleret,
1122 2405 1311 2452 tanquam
1348 2400 1481 2452 digni·

106 2455 204 2497 ntis
232 2455 458 2496 senatoriae
485 2456 720 2497 candidatis.
778 2457 825 2498 ln
851 2457 930 2498 hac
956 2462 1091 2498 antem
1120 2458 1250 2499 classe
1282 2470 1329 2498 se
1356 2457 1482 2512 signi-

198 2664 544 2759 :gsgfflh-cfflss.
567 2679 644 2760 33]
666 2668 726 2750 ἐξ

202 2756 278 2801 m)
301 2757 442 2795 Sueton.
465 2757 550 2796 ibid.
