1728 3054
9 2609 15 2747 ἒ

13 2762 22 2872 ἱ

426 220 761 265 'ANNALES
807 219 1175 264 VELLEIANI
1346 223 1493 261 Lxxm

109 336 190 378 tici
210 335 359 377 molem
385 334 573 375 Tiberius
601 334 778 375 animum
812 337 936 387 atque
963 346 1074 374 arma
1107 333 1336 385 conferret,
1364 334 1407 382 in
1437 346 1487 374 ea

109 394 278 446 regione
318 391 544 432 adiutorem
581 391 839 442 legatumque
880 390 921 430 ei
957 389 1086 430 fuisse
1109 390 1291 431 'fratrem
1322 390 1488 440 Velleii,

109 450 293 502 Magium
316 449 526 497 Celerem,
554 446 735 488 Velleius
761 448 852 500 ipse
877 459 951 486 nos
977 447 1136 486 doceat.
1169 447 1303 487 Innuit
1327 447 1486 488 interea

110 518 159 546 se
185 519 276 546 cnm
300 504 478 545 'Tiberio
503 516 585 544 non
612 503 763 551 fuisse,
790 516 882 543 cum
916 503 996 543 hoc
1027 503 1233 555 proprium
1260 504 1397 554 fratris
1421 503 1486 544 sui
1518 520 1526 526 „

108 562 447 613 invidendnmque
479 561 604 600 decus
642 560 835 610 agnoscit.
890 559 1016 610 Atqui
1050 560 1093 598 in
1121 559 1360 600 Delmatiam
1388 572 1484 600 eon-

110 622 290 659 cessent
317 616 507 657 Tiberius
534 616 618 655 fine
654 615 749 654 anni
784 616 882 657 761.
919 615 1089 655 hiberna
1116 615 1256 668 Magio
1291 629 1383 657 cum
1411 627 1486 657 sua

109 675 271 727 legione
295 673 447 713 ibidem
474 673 761 724 assignaturus.
797 670 960 723 ,Rea-iit
988 671 1136 711 deinde
1163 673 1358 722 Romam,
1388 676 1484 726 post

110 731 227 771 cm
255 729 429 782 quidemr
445 728 651 780 sequentis
678 725 772 767 anni
789 729 885 770 762.
906 727 1142 776 ordinarios,
1169 734 1214 768 ut
1239 730 1320 770 iam
1341 735 1484 778 osten-

109 787 255 827 dimus.
311 786 380 826 Sic
407 789 564 834 tamen,
601 787 649 824 ut
671 788 831 823 matura
859 783 1115 823 nihilominus
1144 787 1295 825 aestiva
1321 786 1364 826 in
1388 786 1485 825 Del-

108 843 231 884 matia
258 836 467 889 habuerit,
505 844 551 881 et
581 845 781 880 maturum
816 840 937 880 etiam
966 841 1208 880 aestivorum
1237 843 1373 882 finem.
1429 842 1482 882 11-
1532 848 1536 850 '

88 898 186 939 >lius
215 899 322 938 enim
351 898 525 937 aestatis
559 898 684 937 initio
724 895 914 949 Lepidus
950 895 1101 937 educto
1134 897 1321 938 hibernis
1359 911 1482 939 eser-

111 957 199 995 citu
239 954 297 994 ad
329 953 540 994 Tiberium
572 951 723 1009 (inquit
746 951 951 1009 Velleius)
978 951 1024 1009 *)
1058 953 1351 1006 imperatorem
1389 960 1481 995 ten-

110 1010 248 1051 debat.
311 1011 452 1062 Itaque
486 1011 567 1049 iam
612 1015 731 1050 antea
772 1010 913 1050 aderat
959 1010 1002 1049 in
1042 1009 1241 1050 Delmatia
1281 1011 1481 1053 Tiberius.

71 1096 76 1098 -
109 1068 236 1134 Qddit
262 1066 458 1116 Velleius,
484 1067 598 1106 illum
625 1078 782 1119 magna
803 1079 896 1106 cum
926 1063 1049 1106 clade
1074 1066 1256 1108 hostium
1278 1068 1480 1108 obsisten-

109 1129 234 1174 tium,
271 1124 424 1164 excisis
454 1124 593 1176 agris,
621 1123 785 1163 eat-ustis
814 1121 1037 1177 aedificiis,
1066 1124 1200 1164 caesis
1226 1125 1354 1173 viris,
1391 1125 1482 1165 lae-

110 1185 199 1220 tum
226 1180 405 1220 victoria
431 1178 680 1233 praedaque
714 1184 930 1228 onustum,
978 1178 1037 1219 ad
1082 1178 1304 1221 Caesarem
1329 1194 1481 1234 perve-

77 1250 86 1254 ·
109 1237 234 1278 nisse.
262 1236 349 1276 Nec
375 1237 584 1276 difficilem
606 1235 753 1288 Lepidi
776 1228 984 1275 victoriam
1008 1236 1137 1276 fuisse
1165 1241 1338 1278 testatur
1358 1239 1482 1278 etiam

108 1292 199 1333 Dio.
255 1293 354 1332 lnde
391 1293 526 1332 nullae
570 1293 657 1332 eius
691 1304 759 1331 res
796 1297 935 1343 gestae
970 1298 1243 1333 memorantur
1279 1295 1483 1335 coniuncti

110 1362 204 1389 eum
234 1348 423 1389 Tiberio:
462 1349 559 1398 illa,
595 1353 642 1388 ut
675 1349 853 1396 videtur,
887 1362 1028 1398 cansa,
1068 1350 1175 1401 quod
1204 1350 1357 1391 bellum
1383 1351 1481 1391 Del-

109 1406 300 1446 mutinum
326 1406 405 1445 iam
433 1410 551 1445 antea
578 1405 804 1446 absolverat
832 1405 1041 1453 TiberiuS,
1070 1419 1187 1458 quam
1210 1406 1366 1459 Lepido
1387 1420 1483 1448 con-

110 1462 358 1514 iungeretur.
414 1463 581 1502 Aestate
623 1466 758 1501 autem
792 1462 862 1501 illa
896 1461 1059 1501 maximi
1098 1463 1195 1502 belli
1232 1476 1482 1504 consumma-
1513 1459 1517 1462 ’

95 1523 176 1571 φοῦ
205 1518 377 1558 effeetus
406 1518 526 1557 docet
553 1517 756 1558 Velleius:
783 1531 860 1558 nee
887 1519 993 1558 ultra
1020 1520 1260 1559 aestivorum
1286 1521 1390 1560 fines
1415 1533 1483 1560 re-
1544 1554 1547 1557 ,

112 1575 363 1626 ceptissimos
394 1579 638 1627 protractam
673 1579 869 1614 aestatem
904 1575 1047 1614 innuit.
1113 1575 1182 1615 Sic
1219 1589 1314 1617 vere
1357 1577 1484 1617 fuerit

113 1630 320 1678 Velleius,
371 1631 440 1682 qui
478 1643 568 1670 cum
602 1630 758 1682 Lepido
794 1635 983 1680 venerat,
1027 1631 1125 1671 belli
1170 1632 1287 1672 huius
1333 1634 1484 1686 patrati

112 1686 192 1726 iam
222 1691 426 1739 spectator
453 1688 610 1739 potius,
640 1700 758 1739 quam
786 1687 956 1726 adiutor.
986 1687 1182 1728 Convenit
1206 1702 1344 1740 porro,
1373 1689 1483 1742 quod

111 1743 171 1783 ait
198 1741 378 1785 Velleius
406 1743 632 1791 Delmatas,
667 1755 748 1782 non
788 1743 868 1782 iam
907 1743 1051 1792 ductu,
1093 1745 1169 1784 sed
1201 1747 1384 1785 manibus
1421 1749 1485 1786 at-

112 1796 195 1851 que
219 1799 339 1838 armis
370 1799 497 1850 ipsius
526 1799 710 1838 Caesaris
737 1798 864 1838 fuisse
890 1804 1066 1852 pacatos.
1120 1800 1269 1841 Manus
1298 1802 1484 1842 Caesaris

112 1860 158 1895 et
191 1868 301 1894 arma
341 1852 508 1907 opponit
543 1855 724 1894 eiusdem
768 1855 918 1895 ductui.
983 1856 1102 1907 Quod
1144 1867 1312 1911 nempe'
1341 1859 1482 1899 ductui

113 1910 267 1951 Tiberii
291 1911 387 1951 illae
416 1923 574 1963 quoque
602 1911 839 1951 tribuendae
867 1916 1006 1952 essent
1031 1913 1243 1963 victoriae,
1272 1928 1370 1967 quas
1399 1915 1480 1956 Iae-

111 1967 230 2021 pidus
258 1980 337 2007 non
366 1968 473 2015 suis,
511 1968 586 2007 sed
627 1967 810 2008 Caesaris
836 1968 984 2008 fnisset
1012 1974 1252 2010 consecutus
1281 1972 1481 2025 auspiciis.

112 2023 172 2064 Ut
206 2036 303 2075 ergo
340 2023 497 2074 Tiberii
531 2023 664 2064 nullae
699 2029 815 2064 erant
850 2025 893 2064 in
926 2026 1050 2065 rebus
1086 2039 1111 2066 a
1148 2026 1304 2080 Lepido
1340 2030 1481 2080 gestis,

111 2085 391 2142 praeterquam
421 2081 586 2131 ductus,
614 2093 781 2133 operae3
810 2081 870 2120 sie
896 2081 984 2121 vice
1010 2095 1126 2122 versa
1152 2084 1353 2135 significat
1379 2084 1483 2125 Vel-

113 2136 238 2187 leius,
266 2137 359 2175 duci
386 2149 458 2176 sno
487 2136 661 2189 Lepido,
699 2141 742 2176 et
781 2137 859 2176 sibi
899 2137 1001 2177 adeo
1032 2139 1132 2191 ipsi,
1172 2141 1325 2180 nullum
1352 2140 1482 2181 fuisse

113 2192 378 2232 ministerium
404 2193 446 2231 in
473 2193 579 2233 bello
607 2193 850 2242 Delmatico,
887 2194 994 2246 quod
1031 2196 1114 2237 suis
1140 2197 1325 2238 manibus
1359 2202 1483 2251 atque

113 2249 235 2291 armis
262 2249 494 2294 confecerat
520 2249 600 2290 iam
628 2254 746 2291 antea
770 2250 859 2304 ipse
887 2250 1090 2293 Tiberius.

322 2394 365 2450 §-
401 2399 468 2440 26.
513 2393 693 2438 Velleius
717 2403 867 2452 postea
905 2396 1113 2442 Tribunus
1141 2399 1287 2455 plebis.

225 2495 433 2538 Proximus
469 2510 493 2537 a
528 2498 752 2549 Quaestura
787 2500 830 2540 in
870 2504 1014 2541 senatu
1055 2501 1186 2542 honor
1222 2499 1383 2543 Velleio
1419 2500 1486 2541 vel

117 2550 311 2595 Aedilitas
338 2553 462 2594 fuerit
489 2559 676 2608 oportet,
703 2556 767 2597 vel
796 2557 1043 2600 Tribunatus
1071 2558 1242 2612 plebia·
1261 2558 1349 2600 Nee
1376 2557 1484 2600 enim

213 2747 253 2791 ¹⁸)
273 2747 361 2783 Vell.
382 2747 444 2797 lib.
466 2747 513 2784 11.
545 2759 621 2796 cap.
642 2749 723 2788 115.
