1728 3054
256 179 340 221 164

555 174 604 216 G.
638 173 921 216 VELLEII
955 174 1347 219 PATERGUM

256 291 460 351 Lepido,
504 288 581 347 qui
623 289 825 348 pontifex
866 289 1083 334 maximus
1127 289 1173 334 in
1217 289 1269 337 C.
1311 289 1505 338 Caesaris
1544 293 1620 338 lo-

258 376 359 406 cum
394 360 512 403 furto
547 364 744 412 creatus,
780 357 960 402 decreta
994 358 1077 402 sibi
1110 358 1350 418 Hispania,
1394 360 1542 406 adhuc
1575 363 1620 406 in

258 428 410 473 Gallia
443 426 723 471 morabatur:
778 441 882 471 mox
924 426 1095 485 saepius
1136 426 1181 470 in
1221 434 1507 487 conspectum
1539 445 1621 475 ve-

254 497 375 542 niens
417 495 628 547 militum,
679 509 781 539 cum
825 501 868 538 et
918 495 1099 554 Lepido
1141 509 1292 540 omnes
1334 496 1622 556 imperatores

255 566 404 609 forent
437 564 667 618 meliores,
713 570 757 608 et
798 563 944 608 multis
977 564 1216 619 Antonius,
1265 565 1373 609 dum
1411 572 1505 610 erat
1547 581 1624 610 so-

255 634 397 688 brius,
442 648 524 692 per
568 648 719 677 aversa
754 639 996 677 castrorum
1039 639 1226 692 proruto
1261 634 1379 677 vallo
1414 625 1623 679 militibus

256 708 464 762 receptus
507 707 592 745 est:
646 701 724 759 qui
776 701 904 745 titulo
958 701 1132 760 imperii
1186 701 1375 747 cedebat
1427 695 1622 762 Lepido,

216 775 364 817 2cum
397 786 568 815 summa
600 770 757 814 virium
791 784 929 827 penes
964 784 1065 814 eum
1102 770 1231 814 foret.

1301 771 1396 816 Sub
1443 772 1624 815 Antonii

255 841 504 900 ingressum
539 839 583 882 in
617 845 758 884 eastra
793 838 1014 881 Iuventius
1048 839 1314 894 Laterensis,
1350 839 1416 883 vir
1449 840 1538 884 vita
1568 855 1623 885 ac

256 915 401 954 morte
436 912 774 963 consentaneus,
810 921 913 951 cum
948 907 1163 952 acerrime
1195 908 1395 952 suasisset
1427 908 1623 969 Lepido,

256 1041 330 1087 quii
351 1041 517 1086 repulsus.
542 1038 641 1073 cuins
674 1037 908 1072 coniecturam

254 1086 393 1132 Lipsius
417 1097 479 1130 pro
496 1084 667 1119 Editionis
689 1096 740 1128 pr.
764 1085 910 1128 scriptu-

255 1145 298 1168 ra
331 1133 476 1176 accepit.
524 1130 768 1174 lntelliguntur
799 1131 908 1164 collo-

256 1178 342 1223 quia
373 1190 434 1222 per
471 1176 698 1211 internuntios
732 1177 823 1210 ultro
857 1176 908 1210 ci-

254 1229 379 1268 troque
403 1223 549 1266 missos,
578 1227 617 1257 ut
647 1222 716 1256 viri
739 1222 831 1257 docti
854 1222 909 1256 vi-

257 1270 392 1306 derunt.

301 1337 455 1383 pontifex
509 1336 678 1371 maximus
722 1353 768 1360 -
809 1337 909 1379 furto

257 1389 403 1419 creatus.
427 1384 582 1418 Eandem
604 1393 678 1416 rem
704 1380 754 1415 sic
775 1391 913 1424 expres-

258 1430 304 1466 sit
323 1430 443 1465 Livius
462 1431 527 1474 Ep.
545 1429 624 1462 117.
654 1428 696 1460 In
718 1428 912 1469 confusione

256 1488 371 1512 rerum
401 1487 442 1510 ac
473 1476 623 1510 tumultu
656 1474 804 1518 Lepidus
823 1485 910 1518 pon·
942 1514 946 1518 Ρ

257 1524 427 1567 tificotum
479 1522 666 1556 maximum
718 1520 909 1562 intercepit.

256 1568 479 1604 Locutionem
495 1567 645 1602 Velleius
666 1566 771 1600 habet
789 1576 811 1599 a
829 1565 909 1599 Sal-

256 1615 338 1650 lust.
361 1614 439 1660 lug.
464 1613 518 1649 14.
553 1614 704 1647 homines
729 1612 826 1651 novi,
850 1612 909 1656 qui

261 1666 367 1695 antea
395 1672 458 1705 per
489 1661 652 1693 virtutem
685 1658 776 1692 soliti
795 1662 909 1691 -erant

257 1708 471 1742 nobilitatem
493 1706 710 1747 antevenire,
725 1704 853 1747 furtim
877 1708 910 1738 et

257 1765 321 1798 per
344 1754 526 1787 latrocinia
554 1752 670 1796 potius
695 1751 741 1783 od
765 1750 910 1794 imperia

261 1805 296 1834 et
319 1800 460 1833 honores
482 1799 649 1844 nituntur.
680 1797 756 1830 Liv.
787 1795 909 1830 xmll.

259 1844 319 1880 1⁰.
351 1856 412 1879 nec
442 1844 596 1886 obsides,
628 1843 756 1886 pignus
771 1844 912 1885 futuros

253 1893 352 1935 furto
397 1895 430 1925 et
469 1889 602 1934 fraude
642 1888 803 1934 agendae
846 1887 909 1930 rei,

258 1941 422 1982 posceret.

307 2017 384 2039 cum
409 2009 444 2039 et
467 2003 596 2047 Lepido
620 2012 734 2036 omnes
763 2003 913 2045 impera·

261 2056 351 2087 tores
373 2055 439 2086 etc.
486 2048 620 2083 Similis
649 2049 747 2081 locus
778 2049 821 2082 ll.
854 2047 912 2081 69.

261 2109 338 2132 cum
370 2103 404 2131 et
436 2096 567 2129 Brutus
613 2095 750 2128 cuilibet
789 2094 912 2127 ducum

260 2142 512 2189 praeferendae
542 2141 736 2180 videretur,
771 2144 804 2173 et
843 2139 913 2172 Va-

262 2190 370 2224 tinius
402 2188 489 2223 nulli
518 2198 586 2221 non
618 2191 704 2221 esset
723 2188 916 2230 postferen-

265 2237 342 2271 dus.

308 2305 373 2339 per
391 2301 515 2327 aversa
538 2294 735 2324 castrorum.
755 2287 816 2323 Sic
834 2286 917 2322 Edi-

264 2343 321 2376 tor
343 2339 454 2374 Basil.
485 2338 572 2371 bene
595 2335 744 2370 correxit
767 2333 915 2378 scriptu-

263 2397 342 2422 ram
369 2385 457 2420 Edit.
489 2395 540 2427 pr.
571 2394 634 2428 per
669 2392 825 2415 aversam
857 2391 916 2414 ca·-

266 2439 426 2467 strorum.
457 2430 533 2465 Liv.
558 2429 597 2464 V.
620 2427 677 2462 29.
713 2428 794 2472 quia
817 2432 915 2460 nocte

263 2479 456 2524 proditione
498 2475 659 2520 oppidum
695 2479 832 2518 captum
871 2473 915 2506 11·-

267 2525 385 2558 beram
414 2533 478 2569 per
508 2533 632 2556 aversa
661 2520 753 2554 urbis
783 2522 913 2563 sugam

268 2571 423 2604 dederat.
471 2569 559 2603 Plin.
600 2567 648 2601 H.
686 2567 727 2600 N.
767 2565 824 2600 vl.
858 2563 913 2599 18.

270 2617 360 2650 Gens
382 2615 467 2649 haec
497 2614 624 2648 obtinet
644 2623 768 2646 aversa
790 2610 914 2644 montis

271 2661 497 2705 Paropamisi.
542 2659 659 2693 Minus
701 2657 914 2692 considerate

270 2707 313 2744 F.
334 2707 478 2743 Ursinus
500 2706 695 2742 scribebat:
725 2714 789 2749 per
810 2713 913 2739 acer-

974 1048 1050 1071 sam
1073 1042 1262 1073 castrorum
1289 1043 1438 1083 portam.
1461 1041 1570 1083 Nam,
1593 1041 1624 1076 si

972 1095 1036 1138 per
1062 1090 1201 1128 portam
1236 1090 1394 1128 receptus
1433 1091 1485 1122 est
1517 1089 1625 1121 Anto-

973 1141 1070 1170 mus,
1118 1130 1202 1174 quid
1244 1141 1332 1175 opus
1371 1137 1447 1167 erat
1482 1138 1624 1178 proruto

974 1175 1097 1210 vallo?

1018 1237 1162 1276 proruto
1182 1231 1286 1266 vallo.
1304 1233 1367 1268 Est
1389 1245 1431 1268 ex
1453 1235 1576 1270 luntae
1589 1239 1625 1271 et

975 1277 1128 1312 Editoris
1150 1279 1258 1312 Basil.
1279 1281 1498 1314 correctione.
1531 1282 1623 1316 Edit.

976 1334 1029 1367 pr.
1059 1329 1205 1366 proruta
1236 1326 1338 1361 vallo.
1369 1326 1446 1360 Liv.
1477 1327 1533 1360 IV.
1564 1327 1622 1361 29.

977 1370 1027 1404 Et
1049 1370 1216 1409 dictator,
1243 1376 1385 1413 proruto
1406 1373 1497 1406 vallo
1511 1398 1521 1414 ,
1553 1375 1625 1407 iam

976 1415 1014 1448 in
1036 1420 1152 1448 castra
1170 1416 1338 1459 proelium
1360 1418 1538 1455 intulerat.
1563 1419 1626 1454 ubi

976 1460 1056 1495 vido
1079 1460 1306 1496 Gronovium.

1018 1527 1186 1563 militibus
1213 1534 1368 1574 receptus
1405 1536 1467 1567 est.
1515 1533 1627 1567 Hein-

974 1574 1045 1610 sius
1069 1575 1186 1610 malit:
1221 1588 1244 1610 a
1266 1578 1431 1612 militibus
1462 1590 1529 1613 rec.
1563 1584 1625 1614 est.

973 1622 1126 1666 Vulgata
1155 1622 1378 1656 confirmatur
1420 1636 1462 1658 ex
1490 1625 1535 1661 11.
1569 1626 1627 1660 39.

979 1668 1114 1702 Gallias
1139 1669 1287 1711 primum
1311 1669 1479 1712 Domitio,
1507 1672 1628 1713 Fabio,

976 1715 1092 1758 nepoti
1132 1715 1255 1756 Pauli,
1298 1716 1461 1751 intratos.
1507 1718 1629 1760 Quan-

977 1770 1092 1809 quam
1106 1771 1149 1794 ne
1171 1759 1267 1794 illius
1290 1762 1429 1805 quidem
1450 1764 1522 1798 loci
1542 1763 1629 1798 scri-

975 1811 1080 1850 ptura
1103 1806 1189 1840 satis
1211 1811 1307 1841 certa
1329 1812 1393 1842 est.

1024 1874 1056 1918 §‚
1088 1873 1122 1907 2.
1159 1875 1214 1908 vir
1243 1875 1317 1909 vita
1352 1887 1394 1909 uc
1416 1880 1525 1910 morte
1547 1888 1627 1912 con-

979 1925 1173 1954 sentaneus.
1208 1920 1429 1956 [secutionem
1468 1923 1574 1957 habet
1605 1934 1627 1958 a

979 1965 1050 1999 Cic.
1075 1965 1166 1999 Phil.
1190 1966 1250 2000 lx.
1272 1967 1307 1999 6.
1337 1967 1421 2001 Cum
1445 1969 1516 2002 eius
1538 1979 1628 2004 mors

979 2017 1205 2046 consentanea
1228 2013 1320 2046 vitae
1337 2014 1458 2058 suerit,
1482 2016 1628 2049 sanctis-

978 2058 1083 2099 sime,
1108 2058 1402 2103 honestissimeque
1422 2065 1533 2094 actae.
1554 2061 1628 2095 Ea-

978 2104 1057 2137 dem
1090 2103 1205 2138 forma
1241 2108 1293 2138 est
1334 2105 1369 2138 in
1410 2105 1628 2150 inscriptione

981 2149 1072 2194 apud
1116 2150 1254 2184 Reines.
1299 2150 1351 2184 cl.
1392 2152 1464 2186 Vll.
1504 2164 1537 2187 n.
1568 2153 1625 2187 3⁰.

981 2207 1106 2239 quam,
1138 2206 1278 2237 vereor,
1313 2207 1356 2229 ne
1379 2197 1539 2232 falsarius
1560 2197 1627 2232 ali-

980 2242 1058 2285 quis
1081 2253 1122 2275 ex
1145 2241 1320 2276 Ciceronis
1343 2243 1456 2277 verbis
1477 2244 1627 2279 laudatis

978 2288 1126 2321 finxerit.
1158 2287 1257 2322 Ovid.
1282 2288 1399 2323 Amor.
1422 2290 1466 2325 11.
1492 2290 1545 2324 10.
1568 2290 1627 2324 38.

980 2335 1189 2368 Conveniens
1219 2334 1312 2367 vitae
1346 2346 1436 2369 mors
1460 2337 1536 2378 suit
1556 2337 1627 2371 ista

980 2391 1075 2414 snae.
1109 2379 1223 2414 lustin.
1263 2379 1318 2412 Vl.
1352 2379 1385 2414 8.
1425 2381 1543 2426 Neque
1580 2383 1625 2416 ab

981 2425 1042 2459 hoc
1075 2426 1168 2459 vitae
1194 2427 1365 2471 proposito
1395 2428 1512 2462 mortis
1535 2429 1626 2462 ratio

979 2471 1148 2505 dissensit.
1201 2471 1342 2506 Sueton.
1394 2473 1522 2508 Othon.
1566 2474 1623 2509 12.

980 2529 1070 2551 mors
1101 2518 1174 2551 eius
1203 2518 1342 2553 minime
1363 2530 1552 2565 congruens
1571 2521 1626 2554 oi-

979 2568 1052 2599 tae.

1026 2620 1100 2643 cum
1129 2610 1294 2643 acerrime
1326 2611 1488 2646 suasisset
1520 2611 1626 2656 Lepi-

979 2655 1035 2701 do,
1062 2655 1136 2689 biv.
1162 2656 1223 2698 Ep.
1249 2655 1305 2690 49.
1334 2658 1549 2702 rogationem
1572 2657 1623 2692 Μ.

982 2702 1066 2738 Oato
1088 2702 1254 2737 acerrime
1273 2704 1411 2740 mit.
