1728 3054
199 189 285 230 20⁰

164 310 335 351 gverso
387 294 676 354 sylvestrique
729 296 1042 357 pervaderent.

511 184 561 226 c.
596 182 882 226 vunnim
917 172 1310 228 marescum

1118 296 1225 344 Hoc
1267 297 1337 342 M.
1391 299 1589 343 Antonio

209 373 345 423 atque
378 363 496 407 illius
529 363 786 423 legionibus
829 366 959 410 saluti
1004 365 1109 410 fuit:
1154 365 1214 410 de
1247 367 1408 424 quibus
1441 374 1593 411 tamen

208 440 398 490 totoque
434 433 630 477 exercitu
663 432 791 478 haud
826 435 971 479 minus
1005 448 1110 495 pars
1144 442 1326 492 quarta,
1369 441 1417 479 ut
1458 450 1595 494 prae-

210 502 430 557 diximuS‚
480 500 695 555 militum3
748 502 985 559 calonum,
1040 503 1290 561 servitiique
1346 503 1596 548 desiderata

209 570 341 614 tertia
375 575 462 621 est3
491 569 918 629 impedimentorum
951 573 1024 618 vix
1058 572 1154 617 ulla
1187 571 1419 633 superfuit.
1465 573 1599 617 Hane

209 645 363 683 tamen
394 638 615 683 Antonius
646 640 805 700 fugam
839 656 978 699 suam,
1010 641 1118 699 ‘qula
1154 642 1280 686 vivus
1314 641 1493 700 exierat,
1527 641 1599 685 vi-

217 707 409 754 ctoriam
441 708 647 752 vocabat.

695 709 787 764 Qui
817 706 951 755 'tertia
984 715 1150 755 aestate
1183 725 1384 756 reversus
1426 710 1472 755 in
1509 710 1601 755 Ar-

214 776 435 832 meniam,
473 791 632 837 regem
668 777 760 822 elus
793 779 1095 835 Artavasden,
1138 779 1299 824 staude
1341 778 1600 840 deceptum,

217 846 412 900 catenis,
453 845 560 900 sed,
604 861 662 891 ne
707 846 818 904 quid
852 846 1018 892 honori
1061 847 1262 907 deesset,

179 920 210 961 4
220 915 296 959 xit.

1296 902 1298 904 v
1314 849 1459 893 aureis
1502 847 1603 893 vin-

367 912 608 959 Crescente
643 914 810 963 deinde
854 922 899 961 et
941 916 1105 960 amoris
1146 917 1193 961 in
1235 916 1499 977 Clopatram
1532 916 1604 960 in-

219 982 406 1040 cendio,
441 988 488 1027 et
519 983 752 1046 vitiorum,
798 1000 916 1043 quae
957 999 1137 1045 semper
1178 984 1493 1043 facultatibus,
1546 986 1606 1029 li-

221 1053 459 1110 centiaque
512 1058 557 1095 et
611 1054 972 1098 assentationibus
1024 1055 1226 1110 aluntur,
1283 1053 1606 1114 magnitudine,

220 1122 398 1167 bellum
432 1121 609 1180 patriae
641 1121 807 1168 inferre
842 1123 1088 1176 constituit3
1131 1138 1235 1168 cum
1268 1130 1396 1179 ante,
1437 1137 1606 1168 novum

223 1206 273 1239 se
307 1191 526 1240 Liberum
571 1191 752 1239 Patrem
798 1192 1021 1258 appellari
1063 1191 1276 1249 iussisset,
1325 1206 1431 1239 cum
1484 1191 1609 1236 redi-

224 1337 326 1374 iter?
365 1336 446 1373 Liv.
477 1336 600 1373 XLIV.
633 1336 671 1371 2.
701 1337 794 1382 quod
821 1337 888 1371 iter
952 1348 1077 1373 mem
1097 1339 1278 1372 vocarunt.
1299 1335 1512 1371 scholiastes
1527 1335 1613 1371 Pla-

226 1385 401 1431 petiturus
432 1388 521 1418 esset
547 1384 709 1437 ignarus.
745 1384 805 1426 qui
829 1394 890 1417 eo-

228 1432 312 1466 dem
340 1442 416 1475 cap.
451 1429 559 1464 etiam
591 1428 678 1464 dixit
705 1430 798 1464 viam
826 1440 890 1473 pe-

228 1482 325 1519 tere,
349 1477 413 1511 ubi
434 1476 541 1521 plura
563 1476 719 1512 Gronov.
743 1481 779 1511 et
799 1476 891 1510 Dra-

229 1503 421 1559 heulini-ch.

279 1573 314 1614 ἓ.
348 1570 385 1605 3.
420 1568 496 1604 Hoc
519 1568 569 1605 M.
592 1570 763 1612 Antonio,
787 1573 893 1614 atque

232 1615 326 1652 illius
364 1615 568 1661 legionibus.
602 1616 696 1651 Edit.
729 1627 780 1660 pr.
815 1617 890 1650 Hoc

233 1664 285 1700 Μ.
320 1662 469 1698 Antonio
501 1666 601 1702 acto,
639 1663 709 1696 iuis
742 1663 891 1708 legioni-

234 1711 309 1746 bus.
332 1710 403 1744 Pro
427 1712 504 1743 acto
527 1708 652 1742 Editor
674 1691 796 1742 Basilf’
808 1709 896 1746 scri-

233 1755 304 1802 psit
326 1760 453 1799 atque,
493 1765 559 1799 pro
596 1756 665 1788 illis
689 1755 828 1789 Vossius
849 1755 895 1789 il-

233 1803 315 1837 lius.
339 1802 535 1844 Utrumque
556 1801 764 1844 recepimus.

282 1847 387 1881 Hanc
417 1853 537 1882 tamen
567 1849 735 1884 Antonius
761 1850 896 1893 sugam

235 1906 338 1931 cuam
361 1897 426 1927 etc.
451 1892 506 1926 Ob
530 1893 649 1927 oculos
670 1893 796 1928 habuit
814 1894 896 1929 Sal-

235 1940 394 1985 lustium,
404 1950 426 1973 a
442 1939 592 1973 Grutero
609 1939 804 1981 laudatum,
816 1940 894 1984 lug.

236 1986 297 2021 98.
331 1986 399 2032 ipsi
422 1986 525 2020 duces
539 1988 698 2029 feroces,
722 1987 805 2031 quia
828 1997 897 2019 non

230 2035 425 2078 sugerent,
467 2042 530 2075 pro
556 2032 742 2067 victoribus
776 2042 898 2078 agere.

237 2079 302 2114 ubi
331 2078 413 2112 vide
435 2077 632 2112 Wassium.

286 2126 320 2168 §.
354 2124 387 2158 4.
423 2136 549 2160 novum
580 2136 617 2158 se
640 2123 803 2160 Liberum
829 2123 900 2158 Pa-

236 2176 329 2210 trem
352 2171 536 2217 appellari.
565 2170 725 2214 Tui-pem
756 2181 901 2205 consue-

239 2217 418 2260 tudinem,
447 2228 537 2262 quae
573 2217 774 2251 hominibus
807 2218 901 2250 Deo-

240 2275 323 2299 rum
346 2264 489 2298 nomina
520 2263 709 2304 tribueret,
737 2262 901 2307 superbia

209 2336 214 2342 .
268 2310 388 2354 eperit,
402 2306 621 2344 Graecorum
645 2309 801 2344 adulatio
819 2320 901 2342 con-

240 2321 408 2396 firmavit.
439 2355 728 2399 Antiquissimum
752 2355 826 2389 eius
849 2354 902 2389 rei

242 2413 364 2447 exemp
367 2404 441 2438 lum
483 2408 535 2436 est
579 2403 671 2445 apud
693 2400 899 2459 Apollodo-

241 2460 321 2482 rum
344 2416 382 2483 P1.
406 2447 442 2482 7.
473 2459 556 2494 pag.
587 2447 646 2485 25.
682 2462 720 2484 ο
739 2445 807 2505 μὲν
830 2460 901 2492 γαρ

242 2495 354 2551 Κῆῦξ
376 2492 444 2538 τὴν
467 2498 627 2552 γυναῖκα
647 2491 784 2540 ἔλεγεν“
782 2496 901 2537 Ηραν

240 2553 268 2586 η
303 2539 344 2577 δὲ
379 2539 445 2577 τόν
481 2538 604 2586 ἄνδρα
636 2542 724 2576 Δία.
766 2541 902 2575 Eadem

240 2590 361 2622 narrat
385 2589 548 2622 Eustath.
556 2555 617 2623 Qad
639 2587 742 2622 Iliad.
767 2587 797 2624 Ι.
819 2597 903 2632 pag.

239 2632 321 2667 ¹176.
354 2634 601 2677 Athenienses,
633 2633 709 2668 sive
730 2644 794 2678 per
816 2633 905 2667 adu-

239 2678 426 2721 lationem,
452 2680 527 2714 sive
550 2692 613 2726 per
632 2680 773 2721 iocum,
804 2678 902 2714 Peri·

239 2725 332 2760 elem
366 2726 581 2771 olympium,
621 2726 808 2771 Aspasiam
842 2723 902 2759 110¹—

955 1383 1046 1419 tonis
1079 1382 1230 1417 ineditus
1271 1382 1318 1417 ad
1355 1383 1493 1417 Menex.
1527 1392 1608 1427 pag.

956 1430 1038 1465 403.
1063 1429 1106 1464 E.
1140 1424 1160 1464 ὁ
1195 1425 1236 1464 δὲ
1268 1430 1454 1474 Κρατῖνος
1484 1425 1613 1463 Ἀσπα-

959 1477 1043 1513 σίαν
1067 1471 1163 1510 ual‘*
1166 1476 1274 1532 Ηραν
1297 1478 1419 1517 καλεῖ,
1443 1476 1529 1518 ἴσως
1554 1486 1613 1510 οτι

958 1521 1023 1558 καὶ
1045 1523 1229 1577 ῌερικλῆς
1248 1501 1453 1567 Ὀλυμπιος
1473 1531 1613 1567 προση-

957 1581 1028 1649 γίιρ
1030 1566 1148 1658 eispwd
1179 1568 1318 1649 ἑίιῗιοιιι,
1338 1573 1438 1649 {tiene
1467 1568 1615 1648 [leeg-‹ig-

958 1628 980 1650 n
998 1627 1018 1650 ο
1054 1626 1076 1648 a
1103 1627 1124 1648 ιι
1251 1626 1292 1649 en
1439 1625 1459 1648 a

959 1663 1002 1697 D.
1035 1627 1276 1695 Mithridatem
1308 1661 1397 1697 νέου
1415 1626 1616 1699 ι,Διειινυσου

959 1706 1101 1743 nomine
1141 1710 1320 1742 ornarunt.
1354 1707 1439 1742 tide
1478 1707 1617 1740 Wesse-

960 1754 1050 1799 ling.
1090 1753 1135 1787 ad
1177 1754 1320 1791 Diodor.
1355 1753 1428 1789 sic.
1459 1754 1617 1796 Excerpt.

961 1799 1617 1901 Ξῗὲεέἒέάωῇξξῗὲἶςῗὲἒὲἔηῗᾱ’Ἓξ

962 1893 1128 1929 meti-ium
1151 1891 1388 1934 Poliometen,
1421 1896 1460 1926 ut
1483 1893 1619 1925 Demo-

963 1939 1085 1973 chares
1109 1938 1201 1983 apud
1222 1938 1348 1972 Athen.
1372 1938 1526 1982 V1.pag.
1536 1937 1618 1972 253

963 1985 1002 2021 C.
1027 1988 1168 2026 narrat,
1204 1981 1324 2028 μόνον
1356 1984 1452 2021 θεόν
1486 1983 1621 2027 ἀληθι-

964 2029 1034 2067 νὸν
1072 2030 1234 2065 dicentes.
1275 2032 1375 2065 Haec
1413 2030 1569 2065 adulatio
1599 2040 1624 2066 a

965 2077 1114 2112 Graecis
1145 2076 1281 2111 transiit
1304 2077 1350 2111 ad
1372 2075 1622 2112 Alexandrinos

965 2128 1001 2158 et
1023 2125 1222 2164 Romanos3
1253 2124 1313 2157 sed
1344 2130 1526 2166 nunquam*
1543 2133 1622 2157 ma-

965 2170 1022 2215 gis
1051 2182 1089 2204 se
1120 2169 1296 2216 profudit,
1329 2180 1435 2214 quam
1466 2173 1624 2215 tempore

965 2217 1220 2260 Imperatorum
1241 2217 1494 2258 Romanorum,
1518 2217 1558 2249 ut
1580 2225 1622 2253 ex

966 2262 1088 2298 multis
1119 2262 1298 2306 lapidibus
1331 2266 1366 2296 et
1405 2260 1546 2303 numis,
1586 2260 1623 2294 in

992 2308 1094 2344 uibus
1132 2308 1363 2352 Imperatores
1401 2307 1504 2342 titulo
1543 2307 1625 2341 novi

966 2321 1079 2396 ἳουίε,
1127 2354 1285 2395 Martis,
1325 2353 1443 2388 Liberi
1491 2353 1624 2396 Patris,

967 2406 1032 2436 etc.
1057 2399 1287 2444 celebrantur,
1306 2402 1462 2446 apparet.
1482 2400 1535 2435 De
1555 2399 1625 2437 Ca-

966 2447 1101 2503 ligula
1115 2446 1312 2481 Athenaeus
1342 2446 1399 2481 lv.
1430 2457 1512 2491 pag
1543 2445 1624 2484 148-

967 2495 1013 2529 D.
1055 2504 1100 2528 ου
1142 2491 1262 2550 μόνον
1291 2490 1506 2550 ωνομάζετο
1541 2490 1626 2532 νέος

969 2536 1175 2594 Διόνυσος,
1209 2537 1305 2575 α’λλά
1338 2539 1400 2574 καὶ
1434 2537 1502 2585 τὴν
1534 2541 1627 2577 Διο-

967 2581 1149 2630 νυσιακὴν
1181 2586 1307 2622 πᾶσαν
1340 2582 1507 2622 ἐνδύνων
1543 2595 1626 2620 στο-

968 2631 1036 2676 zm!
1072 2629 1217 2677 προῄει.
1268 2633 1322 2668 Ex
1369 2643 1438 2676 quo
1479 2630 1627 2686 profecit

967 2680 1128 2716 Eustath.
1163 2679 1208 2713 ad
1240 2679 1387 2719 Homer.
1411 2679 1436 2713 1.
1461 2689 1492 2712 c.
1520 2675 1628 2721 Lapis

968 2726 1062 2770 apud
1091 2724 1241 2759 Gorium
1273 2724 1430 2769 Inscript.
1470 2723 1625 2758 Florent.
