1728 3054
245 234 344 272 xm
597 229 884 274 HENRIGI
931 229 1286 272 DODWELLI

246 341 477 394 signandae.
535 339 648 380 Talis
676 343 764 380 erat
792 340 941 382 Velleii
978 342 1069 393 illa,
1109 343 1163 384 de
1191 336 1269 397 qua
1307 340 1387 384 hod
1424 348 1529 386 auno
1565 343 1626 386 le·

247 401 404 450 gimus,
442 398 688 449 Quaestum,
728 397 937 450 designata
977 400 1196 441 dumtaxat.
1230 399 1273 455 *)
1321 400 1495 442 Finitnm
1523 401 1625 442 dixit

246 455 325 494 hoc
362 467 465 495 anno
504 453 686 492 militiam
727 467 839 494 suam
881 461 1134 507 equestrem:
1186 468 1289 509 quae
1326 461 1461 498 tamen
1497 456 1626 509 qualis

245 512 391 562 fuerit,
429 510 493 549 vix
522 509 618 549 dum
645 510 896 551 intellexisse
931 513 1119 553 videntur
1154 515 1228 555 viri
1257 514 1403 567 alioqui
1430 515 1626 554 historiae

244 567 450 607 Romanae
486 566 744 618 peritissimi,
784 581 876 608 cum
905 569 959 608 sit
988 570 1268 620 nihilominus,
1305 573 1345 611 in
1374 585 1420 612 re
1447 571 1626 624 literaria

245 623 555 674 chronologica,
602 624 668 664 vel
708 626 1080 667 momentosissima.
1139 623 1254 668 Illam
1298 640 1395 680 ergo
1423 627 1626 668 intellexit

244 679 427 721 Velleius
463 679 669 732 militiam,
707 694 811 734 quae
840 683 943 737 ¹virIs
981 685 1109 724 etiam·
1131 685 1371 727 familiarum
1403 685 1624 733 senatoria·-

241 749 331 776 rum
362 736 591 776 necessaria
620 741 708 778 erat
736 739 787 778 ad
817 738 1015 788 honores,
1056 742 1115 781 nti
1144 742 1247 791 dixi,
1279 743 1526 790 senatorios,
1563 741 1624 781 lo·

243 805 414 846 cumque
443 794 483 832 in
515 792 666 833 Senatu
702 794 791 847 ipso
821 796 1071 848 capiendum.
1128 799 1340 851 Equestris
1369 803 1505 851 autem
1532 807 1626 850 pro-

240 854 383 903 pterea
409 850 610 902 appellata
638 855 714 900 est,
744 852 851 903 quod
879 853 958 892 alia
987 859 1095 896 esset
1123 857 1172 896 ab
1203 868 1342 895 eorum
1370 854 1525 903 militia,
1555 853 1625 907 'q'ui

240 907 384 946 ordine
413 907 592 958 equestri
624 915 760 947 essent
788 909 1025 960 inferiores,
1064 916 1107 951 et
1136 926 1159 951 a
1187 912 1330 952 militia
1356 912 1478 951 etiam
1506 922 1626 950 sena-

240 964 355 1004 toria.
375 962 444 1019 **)
485 963 719 1016 Gregalium
748 966 920 1006 militum
950 967 1151 1020 stipendia
1181 969 1296 1021 plura
1322 968 1450 1008 fuisse
1479 968 1625 1019 proba-

240 1020 394 1071 vimus,
440 1020 491 1060 ad
526 1020 740 1062 honestam
779 1023 936 1063 scilicet
971 1025 1224 1073 missionem,
1265 1029 1308 1065 et
1344 1025 1515 1064 emerita
1542 1024 1622 1064 rite

241 1077 458 1129 capienda,
498 1089 603 1117 nune
641 1079 797 1119 scilicet
838 1079 917 1122 XX
957 1094 1174 1130 annorum,
1213 1094 1319 1121 nune
1361 1078 1484 1129 XVI,
1515 1087 1622 1120 nuno

240 1133 350 1181 xlv,
377 1142 486 1174 nunc
513 1135 634 1174 etiam
663 1135 752 1184 Xll,
781 1137 822 1176 in
858 1137 1002 1177 militia
1037 1151 1183 1190 nempe
1221 1138 1435 1191 praetoria.
1492 1136 1622 1177 Nobi-

240 1190 337 1230 lium
375 1190 452 1230 alia
485 1203 606 1230 causa
652 1195 760 1241 erat,
805 1194 948 1244 quibus
999 1194 1166 1234 militiae
1201 1195 1381 1247 praemia
1414 1194 1623 1246 proposita
1688 1200 1693 1204 '

238 1247 364 1297 nulla,
381 1251 497 1286 erant
533 1249 724 1297 emerita,
763 1251 835 1289 sed
875 1250 1071 1300 honores,
1121 1251 1362 1304 praesertim
1402 1251 1620 1290 senam-iia

238 1316 315 1343 nec
343 1304 450 1342 enim
479 1304 522 1343 in
554 1309 736 1346 senatum
776 1307 940 1346 admissi
978 1312 1094 1355 sunt,
1133 1309 1256 1347 etiam
1297 1320 1422 1347 censu
1459 1312 1620 1347 senato-

238 1361 300 1399 rio
328 1360 505 1408 nobiles,
543 1365 637 1400 ante
666 1359 759 1416 ***)
791 1376 916 1402 annos
951 1364 1108 1404 senatui
1138 1364 1362 1416 legitimos:
1403 1377 1479 1404 nec
1519 1364 1642 1404 satis,

239 1417 564 1457 eratlsenatoria
602 1418 723 1458 etiam
766 1424 877 1459 aetas
913 1419 1000 1460 sine
1032 1420 1224 1473 legitimis
1257 1420 1481 1474 stipendiis.
1541 1420 1620 1461 De-

238 1487 330 1515 cem
384 1477 499 1512 erant
547 1474 598 1513 ad
652 1475 860 1516 minimum
910 1477 1112 1529 stipendia
1159 1478 1212 1518 ad
1269 1481 1454 1518 senatum
1498 1477 1620 1530 plane

198 1547 201 1549 ¹
236 1530 478 1570 necessaria.
534 1530 701 1571 Interim
734 1533 776 1571 in
807 1537 950 1573 senatu
980 1547 1059 1573 non
1100 1539 1235 1583 erant,
1282 1534 1356 1575 sed
1394 1535 1437 1574 iu
1475 1534 1620 1574 ordine

237 1587 445 1627 dumtaxat
476 1589 679 1638 equestri,
717 1589 959 1630 familiarum
994 1592 1244 1642 quantumvis
1279 1591 1478 1631 nobilium
1501 1591 1619 1643 pueri

236 1649 358 1695 atque
387 1644 678 1684 adolescentes.
735 1647 823 1686 Hoc
850 1647 952 1687 adeo
985 1660 1123 1688 verum
1154 1652 1243 1688 erat
1272 1648 1315 1688 in
1343 1648 1506 1688 familiis
1535 1647 1620 1700 pri-

234 1706 415 1744 vatorum
444 1703 679 1750 senatoriis,
709 1708 754 1742 ut
787 1699 909 1743 etiam
938 1705 1116 1744 tenuerit
1149 1706 1401 1757 aliquatenus
1438 1705 1482 1744 in
1506 1704 1619 1757 prin-

235 1757 392 1809 cipibus
426 1757 586 1809 imperii
614 1760 793 1799 nondum
833 1761 1121 1812 participibus,
1150 1762 1226 1801 sed
1251 1761 1472 1802 heredibus
1501 1761 1619 1800 dum-

235 1818 346 1853 taxat
382 1818 503 1865 atque
538 1815 773 1855 candidatis.
844 1816 908 1855 Ne
940 1817 1102 1867 quidem
1142 1818 1267 1870 ipsis,
1306 1821 1401 1857 ante
1440 1821 1617 1859 aetatem

232 1871 479 1922 legitimam,
517 1871 594 1911 soli
622 1872 756 1911 locum
786 1872 828 1911 in
856 1879 1022 1922 senatu,
1060 1874 1136 1913 soli
1164 1874 1340 1913 honores
1376 1874 1616 1926 senatorios,

232 1928 386 1967 dedere
406 1926 574 1968 natales,
633 1929 821 1979 Quamvis
845 1928 1155 1980 frequentiores,
1186 1931 1332 1978 fateor,
1361 1931 1542 1982 legamus
1571 1931 1616 1971 in

231 1984 311 2024 illis
348 1984 549 2024 Annariae
578 1984 680 2037 legis
715 1985 1003 2037 indulgentias,
1041 1991 1082 2026 et
1113 1987 1346 2039 pauciorum
1383 1988 1505 2027 etiam
1544 2000 1616 2028 au·-

232 2054 375 2081 norum
402 2044 599 2092 aetatem,
637 2042 684 2080 in*
714 2042 791 2082 hac
828 2055 948 2082 causa
985 2043 1218 2094 legitimam.
1274 2043 1440 2083 Interim
1466 2057 1616 2097 puero-

230 2111 322 2146 rum
351 2097 542 2138 nobilium
568 2095 687 2152 ****)
715 2099 856 2138 turmis
882 2104 1116 2150 praeerant,
1154 2100 1272 2153 pueri
1304 2100 1382 2152 ipsi
1411 2101 1614 2141 nobilissi-

231 2155 310 2202 mi3
349 2159 391 2194 et
418 2154 615 2194 iuventuti
653 2156 855 2206 equestri,
876 2155 1099 2208 'Principes
1127 2157 1206 2209 ipsi
1232 2157 1449 2198 iuventutis
1477 2158 1616 2210 appel-

230 2212 308 2251 lari
346 2211 466 2251 soliti.
523 2211 653 2251 Erant
689 2213 831 2264 itaque¹
860 2213 937 2264 ipsi
967 2214 1183 2254 etiamnum
1215 2214 1396 2265 equites;
1441 2217 1484 2254 et
1511 2215 1616 2253 mili-

229 2269 286 2308 tia
313 2280 455 2308 eorum
491 2267 687 2308 hactenus
725 2269 896 2320 proinde
925 2269 1134 2310 dumtaxat
1162 2271 1372 2321 equestris.
1409 2271 1466 2311 Et
1495 2271 1616 2324 plane

229 2325 459 2365 senatoriae
497 2325 664 2365 militiae
705 2326 921 2378 opponitur
949 2327 1149 2378 equestris
1177 2327 1248 2366 illa
1280 2327 1423 2366 militia
1451 2327 1613 2369 Velleii.

150 2403 167 2414 s
228 2382 322 2434 Ipse
351 2394 398 2422 se
426 2382 628 2433 agnoscit,
673 2395 764 2422 cum
802 2383 1001 2432 Quaestor
1039 2387 1150 2424 esset
1187 2384 1466 2425 tantummodo
1505 2384 1613 2424 desi-

228 2443 396 2491 gnatus,
424 2438 474 2494 †)
516 2439 692 2481 nondum
737 2438 864 2480 fuisse
901 2443 1143 2485 senatorem.
1200 2440 1257 2483 Et
1283 2443 1420 2482 tamen
1452 2445 1613 2482 senato-

320 2592 360 2634 *)
384 2592 472 2625 Vell.
495 2590 558 2625 lib.
583 2591 628 2626 11.
652 2601 728 2634 cap.
750 2589 830 2624 111.

318 2638 375 2682 **)
398 2638 512 2672 l'ruel.
537 2637 581 2671 X.
616 2637 662 2671 ad
683 2636 801 2680 Spart.
824 2635 966 2692 Adrion.
990 2639 1022 2680 ἓ.
1049 2635 1106 2672 13.

318 2681 1194 2773 32)ῗῗῖὲὶ.Χιὶνῖῗι,8ἕ3”ἒρὲιῖἷῗ’ἶ’3ιῑξῇ.8ὲ.1ῧῖ
1213 2728 1272 2764 10.

317 2777 360 2821 †)
386 2777 470 2810 Vell.
503 2775 564 2811 lib.
596 2776 639 2811 ll.
669 2786 747 2820 cap.
776 2776 858 2821 111.
