1728 3054
160 240 248 284 280

469 237 519 282 G.
548 234 830 280 VELLEII
869 235 1269 281 PATERGULI

167 351 385 414 quicquid
439 327 691 398 meridiano
746 358 825 398 aut
878 352 1181 414 septentrione
1234 352 1408 411 finitur,
1454 354 1561 418 ¹Pax

169 425 405 482 Augusta,
449 437 533 485 per
577 422 721 466 omnis
762 427 982 471 terrarum
1038 422 1158 467 orbis
1203 422 1395 483 angulos
1429 438 1457 484 a
1489 423 1563 468 la-

134 491 466 541 4trociniorum
519 496 644 538 metu
695 497 842 538 servat
890 491 1138 536 immuneis.

1218 490 1424 536 Fortuita
1466 507 1559 538 non

174 560 340 607 civium
387 558 726 616 tantummodo,
781 559 863 604 sed
906 559 1088 604 urbium
1133 558 1300 604 damna
1343 560 1561 621 principis

172 628 477 677 munificentia
510 627 722 675 vindicat.
764 628 1015 674 Restitutae
1054 629 1190 673 urbes
1233 628 1381 678 Asiae.

175 698 353 745 dicatae
388 698 445 742 ab
480 696 646 742 iniuriis
681 692 1025 758 magistratuum
1059 697 1332 758 provinciae.

178 767 327 828 dignis
360 766 676 827 paratissimus.

180 852 293 895 qua.-

1449 629 1565 677 Vin-

1401 697 1566 743 Honor

743 767 900 811 Poena
933 767 980 810 in
1013 766 1156 812 malbs
1199 782 1321 822 sera,
1365 766 1444 811 sed
1479 767 1567 823 ali-

364 836 614 896 Superatur
659 835 885 894 aequitate
914 836 1097 903 gratia,
1157 836 1341 883 ambitio
1384 835 1563 884 virtute.

139 906 299 953 5Nam
332 904 485 951 facere
529 909 653 952 reete
687 904 806 950 cives
850 918 952 950 suos
996 905 1208 966 princeps
1254 904 1450 968 optimus
1491 905 1567 950 fa-

181 973 345 1022 ciendo
387 973 547 1026 docet3
582 987 777 1034 cumque
811 973 865 1018 sit
898 973 1091 1034 imperio
1125 973 1369 1030 maximuS‚
1410 989 1565 1021 exem-

180 1043 265 1108 plo
299 1043 443 1088 maior
478 1047 556 1092 est.

321 1111 457 1157 CAP.
494 1108 724 1156 CXXVII.
769 1109 896 1154 Raro
932 1110 1177 1155 eminentes
1222 1109 1306 1155 viri
1339 1124 1431 1154 non
1465 1125 1566 1156 ma-

182 1180 283 1242 gnis
316 1179 593 1226 adiutoribus
627 1178 687 1222 ad
716 1178 1058 1239 gubernandam
1091 1173 1318 1224 fortunam
1347 1194 1474 1223 suam
1501 1180 1585 1224 usi*

182 1255 307 1303 sunt3
359 1255 410 1295 ut
455 1249 548 1292 duo
595 1247 829 1307 Scipiones
873 1248 1052 1292 duobus
1096 1248 1287 1304 Laeliis,
1329 1263 1443 1307 quos
1486 1263 1571 1308 per

184 1319 335 1364 omnia
368 1321 672 1377 aequaverunt
700 1317 804 1369 sibi3
838 1322 887 1360 ut
910 1317 967 1363 D.
989 1317 1216 1377 Augustus
1246 1316 1316 1361 M.
1342 1317 1570 1378 Agrippa,

185 1394 232 1434 et
267 1388 463 1434 maxime
509 1385 568 1432 ab
596 1379 692 1443 ‘eo',
737 1385 912 1431 Statilio
948 1385 1119 1431 Tauro.

231 1532 265 1578 5.
297 1529 333 1566 3.
364 1529 525 1576 quicquid
555 1529 748 1566 meridiano
781 1532 846 1567 ete.

183 1575 238 1613 De
267 1578 481 1620 meridiano,
513 1588 561 1611 sc.
604 1577 750 1618 circulo,
787 1577 847 1611 vel

185 1618 351 1668 cardine,
386 1624 470 1657 vide
501 1623 655 1658 Gronov·
691 1602 776 1657 ob's.
809 1622 846 1657 in

184 1670 287 1714 Scrip
291 1674 329 1704 tt.
361 1670 457 1704 Eccl.
488 1668 547 1703 24.
581 1680 654 1713 pag
629 1681 665 1713 g.
695 1669 779 1704 263.
811 1672 848 1705 et

185 1717 317 1753 Duker.
340 1716 385 1750 ad
408 1716 506 1751 Flor.
532 1714 588 1750 IV.
615 1715 671 1748 12.
694 1715 756 1763 40.

236 1763 310 1799 Pax
345 1765 518 1808 Augusta.
553 1761 598 1796 Π.
622 1761 682 1800 92,
716 1762 850 1796 Aberat

187 1809 226 1844 in
256 1809 462 1846 ordinandis
491 1808 599 1843 Asiae
632 1808 849 1852 Orientisque

187 1856 288 1890 rebus
314 1857 464 1897 Caesar,
500 1855 743 1897 circumferens
777 1859 851 1889 ter-

188 1913 310 1936 rarum
336 1902 409 1935 orbi
429 1902 630 1945 praesentia
650 1901 749 1946 pacis
765 1911 850 1934 suae

189 1948 293 1982 bona.
327 1949 380 1982 De
407 1948 496 1981 Pace
519 1948 683 1992 Augusta
705 1947 754 1980 H.
779 1947 851 1980 Va-

189 1994 297 2028 lesius
320 1995 365 2028 ad
387 1994 515 2028 Euseb.
544 1994 590 2027 H.
616 1993 657 2028 Ε.
690 1994 734 2026 Χ.
759 1991 792 2028 9.
817 1995 852 2027 et

189 2040 251 2086 qui
273 2035 397 2074 numos
417 2044 550 2074 veteres
572 2039 804 2073 illustrarunt.

235 2098 300 2131 per
322 2087 431 2121 omnis
455 2088 627 2121 terrarum
659 2085 748 2119 orbis
780 2096 847 2118 an-

190 2135 294 2179 gulos
337 2137 404 2167 etc.
463 2134 535 2166 Aut
577 2143 642 2176 per
685 2131 851 2165 inducen-

191 2180 287 2221 dum,
312 2183 373 2214 aut
395 2178 510 2222 potius
526 2178 765 2212 scribendum.
786 2188 851 2222 per

190 2226 309 2260 omnia
331 2226 440 2260 omnis
469 2229 642 2259 terrarum
673 2224 764 2258 orbis
787 2235 852 2258 an-

191 2273 294 2318 gulos
326 2276 390 2307 etc.
435 2271 500 2305 Per
534 2271 651 2304 omnia
689 2271 853 2313 frequens

192 2318 327 2354 Velleio
367 2328 434 2363 pro
482 2317 629 2354 omnino.
679 2316 767 2351 vide
807 2316 853 2352 ad

240 2411 274 2452 5.
312 2409 347 2444 5.
380 2410 476 2445 Nam
500 2412 623 2453 facere
647 2414 740 2444 recte
764 2409 855 2443 cives

192 2467 271 2490 suos
301 2460 367 2491 etc.
391 2457 446 2490 Ad
478 2456 682 2490 sententiam
717 2454 852 2498 Velleii,

193 2514 263 2537 non
286 2503 331 2536 ad
354 2501 590 2548 elegantiam,
622 2513 692 2545 qua
714 2513 855 2546 expres-

193 2559 235 2583 sa
259 2559 293 2582 es
296 2553 310 2582 t
332 2549 522 2590 sententia,
561 2548 719 2592 proxime
753 2559 855 2582 acce-

193 2594 246 2628 dit
268 2595 479 2629 Claudianus
502 2574 545 2628 de
567 2594 627 2630 IV.
652 2595 854 2629 00118.Ηο-

193 2651 270 2674 nor.
302 2640 383 2675 296.
418 2642 460 2674 In
490 2652 665 2674 commune
697 2641 792 2675 iubes
823 2641 854 2674 si

192 2687 296 2731 quid,
339 2698 496 2722 censesve
530 2688 736 2728 tenendum,
781 2686 854 2721 Pri-

191 2744 268 2767 mus
297 2733 391 2767 iussa
421 2734 506 2769 subi.
536 2734 632 2767 Tunc
665 2734 855 2770 observan-

191 2780 261 2814 tior
285 2780 389 2825 aequi
411 2780 469 2814 Fit
489 2780 655 2825 populus,
677 2791 739 2815 nec
755 2781 855 2823 ferre

1190 1385 1366 1443 Quibus
1400 1386 1572 1432 novitas

912 1533 1046 1575 negat,
1076 1535 1153 1563 cu‘m
1183 1528 1312 1565 viderit
1346 1529 1461 1575 ipsum
1503 1529 1575 1564 An-

916 1581 1044 1610 etorem
1076 1586 1202 1620 parere
1235 1577 1310 1610 sibi.
1355 1576 1576 1621 Componitur

914 1623 1005 1656 orbis
1037 1622 1150 1667 Regis
1180 1622 1229 1656 ad
1262 1623 1463 1668 exemplum.
1499 1623 1576 1657 Nee

915 1669 963 1703 sic
1005 1669 1183 1713 inflectere
1227 1680 1346 1703 sensus
1395 1669 1577 1703 Humanas

917 1715 1033 1749 edicta
1062 1716 1199 1756 valent,
1232 1720 1285 1749 ut,
1302 1716 1379 1750 vita
1409 1715 1576 1761 regentis.

915 1761 977 1806 qui
1009 1762 1055 1795 ob
1086 1761 1207 1795 oculos
1237 1762 1365 1796 habuit
1386 1762 1577 1799 Isocratem

916 1808 962 1842 ad
984 1807 1121 1842 Nicom
1150 1818 1235 1852 p.ag
1263 1807 1321 1844 21.
1343 1808 1386 1842 A.
1409 1807 1578 1844 Paulinus

916 1854 960 1888 de
980 1854 1061 1888 Vita
1082 1853 1226 1890 Martin-
1257 1854 1302 1890 ΙΙ.
1324 1853 1382 1888 81.
1415 1855 1496 1891 Iure
1518 1865 1579 1888 sa-

918 1901 1066 1936 cerdotis
1084 1901 1211 1948 factis
1242 1901 1414 1944 facienda
1455 1901 1579 1935 doeem-

916 1952 996 1982 tur:
1049 1939 1256 1991 Exemplum
1301 1954 1408 1992 mage
1453 1947 1579 1981 suadet

917 2004 1023 2037 opus,
1055 2004 1161 2037 quam
1193 1994 1318 2037 gratia
1349 1994 1455 2031 verbi,
1491 1993 1579 2027 Vide

917 2040 1056 2083 Inter-pp
1037 2051 1069 2083 p.
1095 2039 1140 2074 ad
1162 2038 1253 2074 Plin.
1286 2040 1409 2084 Paneg
1452 2038 1511 2074 45.
1542 2041 1579 2074 et

917 2086 964 2120 ad
987 2086 1104 2119 Pacat.
1127 2085 1260 2130 Paneg.
1283 2085 1341 2120 14.
1371 2085 1460 2121 ¹Pari
1492 2096 1580 2120 acu-

916 2132 1012 2166 mine
1051 2132 1211 2166 Lucanus
1249 2131 1311 2169 lx.
1347 2130 1429 2167 588.
1480 2143 1580 2169 mon-

917 2182 1009 2213 strat
1039 2179 1190 2213 tolerare
1220 2189 1386 2223 vapores,
1422 2176 1500 2212 Non
1523 2178 1578 2213 iu-

917 2225 988 2264 bet.

964 2270 1067 2306 CAP.
1097 2270 1266 2305 CXXVII.
1302 2272 1335 2314 5.
1366 2269 1401 2306 1.
1436 2274 1471 2305 et
1500 2281 1579 2304 ma-

919 2317 1009 2351 xime
1041 2317 1085 2351 ab
1122 2328 1171 2354 eo.
1196 2315 1398 2354 Gronovius
1421 2316 1505 2355 obs,
1529 2316 1578 2350 11.

918 2363 977 2403 23.
1010 2374 1092 2408 pag.
1125 2361 1206 2397 414.
1249 2364 1369 2408 legere
1408 2363 1580 2397 tentabat:

921 2410 972 2445 M.
1007 2409 1189 2456 Agrippa,
1221 2414 1256 2445 et
1284 2409 1510 2452 Maecenate,
1545 2412 1581 2444 et

921 2456 1064 2492 Statilio
1099 2456 1226 2490 Tauro.
1267 2455 1338 2489 Sed
1366 2454 1581 2497 Maecenatis

920 2502 1131 2537 mentionem
1165 2502 1210 2535 ab
1234 2502 1305 2536 hoe
1326 2502 1405 2539 loco
1429 2502 1581 2548 alienam

921 2559 1017 2590 esse,
1050 2547 1220 2582 Heinsius
1247 2548 1405 2582 ostendit.
1437 2547 1579 2590 Simpli'-

920 2594 1100 2629 cissimum
1147 2598 1219 2634 est.
1269 2606 1352 2628 eum
1397 2594 1581 2632 Scheffero

920 2640 1024 2678 Misc.
1044 2640 1129 2675 Obs.
1151 2640 1215 2677 IX.
1237 2651 1318 2685 pag.
1331 2639 1410 2677 177.
1435 2644 1469 2674 et
1488 2641 1581 2673 Bur-

921 2698 1049 2724 manno
1075 2685 1245 2721 scribere:
1279 2691 1314 2721 et
1347 2687 1501 2730 proxime
1533 2686 1578 2719 ab

921 2745 974 2768 eo.
1006 2732 1067 2770 Sic
1088 2731 1164 2781 ipse
1185 2733 1339 2771 Velleius
1361 2733 1395 2767 lo
1421 2732 1514 2766 uitur
1534 2732 1579 2766 11.

920 2779 979 2814 76.
989 2779 1023 2816 4.
1041 2783 1075 2816 et
1087 2778 1263 2826 proximus
1286 2790 1310 2814 a
1328 2779 1390 2814 Cn.
1433 2778 1579 2825 ompeio,

1466 2922 1477 2928 ᾖ
1522 2893 1533 2918 ¹
1600 2877 1603 2880 1
