1728 3054
250 257 398 295 vam
593 244 874 293 BENE-101
922 244 1279 288 DO‘DWELLI

798 322 813 344 Ι

257 367 360 407 leius
374 395 387 414 ,
423 365 518 404 huic
547 363 669 403 etiam
696 361 798 413 ipsi,
835 360 878 400 in
906 366 989 412 quo
1013 358 1261 411 versamur,
1279 362 1390 398 anno
1416 358 1642 402 ’cananaei-⁷-

258 428 355 476 gnat
384 423 470 461 Dio.
499 419 544 476 *)
576 419 659 459 Sed
687 431 784 457 vero
813 417 967 469 primus
995 417 1071 456 ille
1100 415 1336 455 annus‘no'n·
1358 415 1456 455 belli
1483 415 1642 456 Delma·

258 481 331 520 tici
357 479 530 531 primus,
564 489 639 528 pro
668 474 817 514 Velleii
847 479 959 514 certe
985 473 1221 522 rationibus,
1250 472 1535 524 intelligendus
1565 477 1639 513 est.

257 536 349 576 Non
379 534 534 574 scilicet
563 531 726 571 triennii
762 531 935 583 primus,
974 534 1021 569 ut
1057 530 1152 569 olim
1189 529 1514 581 suspicabamur,
1560 541 1640 580 quo

258 591 507 631 debellatum
534 589 577 628 in
599 589 759 640 Illyrico
780 588 922 627 scribit
948 587 1176 628 Suetonius.
1188 584 1252 634 **)
1266 586 1414 625 Fateor
1443 586 1529 631 hocv
1549 586 1640 638 ipso

258 660 362 687 anno
390 647 517 685 fuisse
546 645 644 685 belli
672 644 781 683 illius
811 645 1023 684 Delmatici
1054 644 1224 682 initium.
1258 642 1343 682 Sed
1373 642 1536 681 triennii
1564 643 1640 682 inie-

259 706 359 744 tium
394 703 491 742 inde
528 702 819 741 arcessendum»
840 707 945 749 est,
982 713 1033 739 ex
1071 713 1150 751 quo
1187 698 1366 747 venitin
1394 699 1640 739 Pannoniam

256 761 346 814 ipse
368 759 570 805 Tiberius,
600 771 691 798 cum
720 758 798 797 hoc
826 771 930 797 anno
958 757 1108 797 bellum
1124 756 1233 795 fflud
1253 769 1337 807 .per
1366 756 1521 807 legatos
1550 760 1639 795 tan·-

256 817 467 857 tummodo
497 820 719 867 gereretur.
778 813 904 865 quue
937 814 1033 853 satis
1070 812 1287 852 manifesto
1320 813 1490 852 innuunt
1517 813 1640 851 verba

257 873 452 914 Suetonii.
510 872 708 923 Loquitur
744 871 812 910 hic
851 870 1035 911 Velleius
1070 869 1142 908 de*
1161 869 1313 920 duplici
1348 881 1423 907 suo
1463 869 1506 907 in
1535 868 1640 907 Ger—

257 931 430 971 maniam
460 929 646 976 adventu,
674 928 752 967 alio
781 927 849 979 qui
879 931 1133 978 quaesturam
1163 926 1447 978 praecesserit,
1467 925 1546 964 alio
1569 926 1639 976 qui

259 988 429 1028 eandem
460 985 585 1024 suerit
613 989 787 1023 secutus.
846 984 915 1023 Sic
947 983 1017 1022 ille
1046 982 1258 1030 nimirum,
1296 987 1341 1021 ut
1366 982 1540 1034 primum
1568 995 1639 1021 an-

257 1057 374 1092 num,
410 1044 659 1096 primamque
694 1044 889 1079 aestatem
932 1040 984 1079 de
1020 1039 1146 1091 priori
1173 1050 1250 1078 suo*
1276 1039 1450 1078 adventu
1478 1039 1639 1077 intelle-

255 1101 374 1141 xerit.
433 1099 591 1139 Primus
622 1110 719 1149 ergo
749 1098 840 1145 hic,
877 1097 929 1135 de
958 1108 1037 1148 quo
1067 1095 1267 1146 loquitur,
1296 1107 1422 1134 annus
1452 1099 1638 1146 quaestu.-

254 1171 326 1198 rae
356 1160 447 1197 erat
474 1169 570 1195 suae
595 1154 874 1194 tantummodo
908 1153 1155 1204 designatae,
1185 1165 1263 1203 quo
1291 1152 1440 1190 missus
1475 1151 1523 1191 ab
1554 1151 1638 1190 Am

256 1217 375 1266 gusto
421 1217 515 1265 post
561 1212 723 1251 comitia
771 1209 943 1265 (quibus
986 1213 1224 1261 quaestores
1275 1208 1397 1247 etiam
1435 1208 1638 1247 candidati

255 1274 372 1311 erant
415 1270 458 1309 in
491 1274 731 1321 sequentem
779 1279 925 1306 annum
963 1263 1233 1320 designandi)
1270 1266 1391 1304 rebus
1428 1265 1576 1304 deinde
1613 1277 1638 1304 a

254 1327 443 1374 Tiberio,
472 1330 564 1377 post
592 1325 803 1377 appulsum
826 1336 955 1370 suum,
985 1322 1111 1373 gestis
1141 1322 1293 1361 aderat.
1350 1321 1536 1360 Medium
1565 1334 1637 1360 an-

254 1396 351 1424 num
390 1382 583 1422 tenebant
617 1394 691 1433 pro
735 1393 851 1420 more
891 1380 1065 1420 comitia.
1133 1378 1260 1418 Erant
1297 1382 1511 1430 praeterea
1547 1378 1636 1417 dies

252 1440 407 1492 aliquot
438 1438 655 1479 necessarii
682 1437 818 1476 itineri
842 1438 883 1477 in
912 1435 1181 1475 Germaniam.
1238 1435 1306 1474 Sic
1335 1447 1440 1473 anno
1463 1439 1636 1473 exeunte

245 1509 321 1537 res
351 1499 492 1547 gestae
520 1494 673 1533 fuerint
701 1496 876 1547 oportet,
902 1505 1001 1546 quas
1028 1492 1180 1542 videre,
1209 1492 1353 1545 quibus
1379 1491 1469 1544 ipse
1495 1493 1636 1545 posset

252 1554 476 1603 interesse,
513 1550 709 1593 Velleius.
1617 1550 1621 1554 '

311 1696 353 1753 §-
384 1701 454 1741 18.
494 1697 622 1739 Anno
659 1699 756 1741 760.
795 1693 1017 1749 Quaestor,
1068 1697 1249 1736 exeunte
1282 1696 1444 1744 tamen,
1478 1697 1604 1740 cum·

738 1753 928 1806 Tiberio,
971 1752 1165 1795 Velleius.
1363 1751 1368 1755 ’
1424 1751 1428 1754 ’
1600 1751 1620 1757 ”

366 1842 624 1895 Sequebatur
657 1855 782 1897 annus
818 1845 1060 1896 quaesturae
1086 1840 1347 1887 Velleianae,
1376 1840 1490 1879 urbis
1515 1839 1633 1879 nimi-

252 1910 343 1942 rum
375 1903 472 1943 760.
528 1899 659 1938 Huius
695 1898 909 1939 maximam
950 1902 1106 1949 partem
1153 1899 1238 1949 egit
1270 1896 1448 1944 Romae,
1486 1897 1632 1935 vacans

252 1957 441 1998 nimirum
474 1956 706 1995 muneribus
736 1955 872 1994 officii.
930 1954 998 1994 Sic
1024 1959 1160 1994 tamen
1194 1957 1239 1992 ut
1268 1957 1473 2005 tempore,
1513 1965 1632 2004 quam

254 2017 396 2068 posset
429 2026 504 2066 per
537 2013 677 2064 leges,
715 2012 879 2051 minimo
915 2013 1077 2052 abesset
1112 2024 1136 2050 a
1168 2010 1348 2049 Tiberio.
1407 2009 1531 2048 Certe
1565 2022 1632 2048 su-

253 2067 428 2124 perioris
462 2069 555 2109 anni
595 2071 692 2110 759.
732 2069 836 2116 fine,
887 2080 932 2108 se
971 2068 1115 2117 legatis
1151 2067 1231 2106 illis
1277 2072 1467 2106 accenset
1495 2065 1632 2106 Velle«-

252 2129 341 2174 ius,
370 2123 469 2172 ***)
498 2138 599 2177 quos
634 2125 782 2164 hiemis
819 2125 935 2164 initio
964 2124 1155 2164 Tiberius
1191 2124 1349 2176 partitis
1383 2122 1632 2175 praefecerit

200 2232 201 2236 Ἰ
254 2183 446 2224 hibernis.
503 2182 645 2233 Itaque
676 2182 822 2220 hiemis
851 2186 1006 2234 partem
1032 2181 1178 2220 saltem
1208 2181 1382 2232 aliquam
1416 2180 1458 2218 in
1485 2179 1630 2219 castris

255 2240 341 2291 egit
371 2238 579 2287 Velleius,
609 2239 705 2277 dum
733 2238 837 2277 alius
870 2238 1003 2277 suffici
1029 2238 1070 2276 in
1095 2238 1228 2277 locum
1257 2238 1343 2276 eius
1367 2240 1532 2287 posset,
1561 2235 1630 2286 qui

252 2297 383 2336 vicem
412 2296 499 2335 eius
538 2295 716 2334 absentis
749 2295 967 2347 suppleret.
1028 2293 1113 2333 Sed
1144 2295 1314 2333 hiberna
1348 2292 1630 2334 Velleiusae÷

251 2353 364 2394 stivis
396 2351 634 2392 militaribus
662 2352 852 2404 opponit,
881 2364 983 2402 quae
1011 2355 1125 2390 certe
1152 2352 1239 2403 ipse
1269 2362 1348 2389 non
1380 2349 1487 2388 ultra
1513 2361 1628 2388 men-

251 2422 349 2450 sem·
370 2408 660 2460 Decembrem,
687 2406 808 2462 ****)
849 2420 940 2447 cum
975 2411 1110 2447 essent
1145 2407 1389 2456 diutissima,
1427 2405 1626 2457 producit.
1702 2430 1706 2435 ſs

249 2465 341 2508 Hoc
371 2470 510 2506 autem
553 2477 660 2507 anno
693 2463 816 2506 solito
856 2465 1073 2507 maturiora
1109 2463 1259 2515 fuisse,
1292 2461 1512 2504 verisimile
1548 2465 1625 2504 est.

241 2538 521 2600 Ι*

334 2654 373 2699 *)
396 2654 464 2689 Dio
485 2654 549 2689 lib.
570 2653 642 2708 Ιιῖζ.

333 2700 392 2744 **)
415 2700 557 2735 Sueton.
582 2700 704 2734 Txber.
738 2709 819 2744 cap.
842 2698 903 2734 16.

334 2746 414 2790 ***)
437 2747 525 2781 Vell.
555 2747 618 2781 lib.
643 2746 688 2782 Π.
722 2757 798 2790 cap.
821 2745 902 2780 113.

331 2792 430 2838 ****)
460 2793 547 2830 vell.
578 2793 642 2830 lib.
673 2791 716 2830 Π.
747 2802 825 2837 cup.
857 2788 939 2828 105.
