1728 3054
325 220 407 261 112

635 215 682 256 G.
714 214 992 259 VELLEII
1030 217 1422 264 PATE'RGULI

321 329 470 391 gulari
511 328 694 384 virtute,
739 330 1000 388 constantia,
1044 331 1217 392 vigilia,
1268 348 1461 393 curaque
1499 336 1686 397 aperuit.

280 398 518 451 4Catilina
557 403 679 442 metu
723 399 973 452 ‘consularis
1015 400 1191 461 imperii
1238 403 1351 448 urbe
1402 404 1554 463 pulsus
1607 411 1685 450 est.

316 465 533 511 Lentulus
567 465 805 511 consularis
839 473 883 512 et
914 475 1096 527 praetor
1126 469 1307 526 iterum,
1352 470 1686 533 Cethegusque,

319 541 364 579 et
396 535 474 578 alii
508 534 618 579 clari
651 535 837 580 nominis
870 537 976 594 viri,
1011 544 1194 586 auctore
1227 545 1404 597 senatu,
1436 541 1555 587 iussu
1583 541 1684 588 Cos.

315 603 362 648 in
395 617 575 649 carcere
608 604 752 649 necati
785 610 894 649 sunt.

454 670 589 717 CAP.
616 672 799 721 XXXV.
842 674 927 718 Ille
959 679 1130 719 senatus
1163 673 1280 731 dies,
1315 689 1407 734 quo
1433 674 1551 722 haec
1586 680 1686 722 acta

317 746 441 796 sunt,
474 741 678 794 virtutem
704 740 772 786 M.
801 741 1006 799 Catonis,
1043 743 1132 788 iam
1161 743 1309 789 multis
1334 745 1380 788 in
1407 745 1538 790 rebus
1573 758 1686 789 eon-

318 811 519 870 spicuam
557 815 691 870 atque
721 812 1064 870 praenitentem‚
1124 812 1169 856 in
1199 813 1407 867 altissimo
1442 812 1684 859 luminavit.

278 879 408 925 2Hic
439 878 614 939 genitus
649 894 821 940 proavo
855 879 920 923 M.
953 879 1148 935 Catone,
1192 882 1397 942 principe
1433 881 1514 927 illo
1551 881 1685 926 fami-

315 947 402 992 liae
428 948 630 1003 Purdae,
673 947 814 992 homo
845 948 1006 992 Virtuti
1042 949 1310 1007 simillimus,
1331 956 1390 995 ,et
1420 965 1505 1011 per
1535 950 1683 994 omnia

313 1015 494 1077 ingenio
528 1015 807 1076 Diis,-quam
836 1015 1092 1062 hominibus
1116 1019 1321 1078 propior,
1353 1020 1428 1078 qui
1456 1034 1684 1078 nunquam

317 1150 409 1184 Gell.
432 1149 494 1183 IX.
510 1145 567 1183 13.
586 1151 621 1182 et
643 1146 742 1182 Livio
759 1148 884 1183 XXVI.
907 1147 966 1184 39.

311 1196 471 1230 Frustra.
488 1196 579 1229 Nam
594 1194 757 1229 meliores
772 1195 855 1229 libri
870 1199 968 1229 utro-

314 1253 381 1286 que
418 1242 494 1275 loco
528 1242 656 1275 habent
693 1246 851 1286 uterque,
886 1252 968 1285 pro-

312 1288 473 1323 bantibus
497 1288 648 1322 Gronov.
672 1291 706 1320 et
729 1288 902 1323 Drakenb.

356 1346 623 1379 coniurationem
648 1361 694 1371 ——
725 1345 863 1388 eripuit.
907 1342 967 1379 Sic

311 1390 429 1426 Editio
461 1402 514 1434 pr.
556 1391 602 1424 At
630 1389 811 1423 verissime
839 1389 966 1424 Editor

310 1436 422 1472 Basil.
447 1436 715 1471 coniurationem
745 1455 790 1461 —
815 1436 964 1479 aperuit.

312 1483 454 1518 Sallust.
494 1483 568 1518 Cat.
607 1482 666 1516 40.
705 1494 743 1516 eo
784 1487 965 1525 praesente

310 1530 580 1563 coniurationem
607 1529 729 1573 aperit.
755 1528 876 1562 Cicero
897 1539 963 1572 pro

308 1575 396 1611 Suu.
420 1575 454 1608 2.
481 1576 534 1619 Tu
548 1575 638 1610 enim
664 1575 901 1620 investigasti‚
922 1578 963 1610 tn

306 1621 504 1668 patefecisti
526 1622 802 1656 coniurationem.

355 1683 388 1723 ς.
421 1679 455 1713 4.
496 1684 590 1714 metu
624 1679 758 1724 imperi.
803 1678 963 1724 Exempl.

308 1731 406 1761 vetus
428 1727 554 1760 habet:
577 1731 671 1761 metu
688 1726 874 1761 consularis
897 1727 963 1760 im-

304 1774 393 1818 peri.
417 1773 556 1807 Bonna.

355 1830 455 1864 CAP.
479 1829 621 1863 XXXV.
647 1829 679 1871 §-
702 1827 735 1862 1.
770 1829 834 1863 Ille
862 1840 964 1863 sena-

307 1881 364 1911 tus
385 1876 468 1918 dies,
492 1887 556 1919 quo
578 1875 663 1908 haec
680 1879 762 1909 acta
777 1879 866 1909 sunt.
885 1875 963 1910 Non

306 1922 449 1963 dubito,
490 1921 574 1964 quin
610 1921 732 1962 verba,
779 1933 844 1965 quo
878 1922 964 1955 haec

307 1973 390 2003 acta
417 1972 517 2010 sunt,
556 1978 599 2000 ex
628 1966 861 2001 Grammatici
895 1967 963 2002 ali-

308 2014 407 2048 euius
437 2012 712 2057 interpretatione
751 2012 788 2047 in
829 2017 960 2048 textum

307 2059 522 2105 irrepserint.
562 2059 654 2094 Nam
693 2059 766 2093 dies
804 2059 896 2093 nude
924 2063 960 2095 et

305 2105 511 2151 simpliciter
531 2102 657 2139 dicitur
688 2116 750 2149 pro
785 2105 871 2139 actis
893 2106 960 2140 ali—

307 2153 405 2188 cuius
445 2151 525 2187 diei.
564 2153 607 2186 11.
649 2149 706 2186 86.
748 2151 791 2185 de
840 2162 959 2197 pugna

304 2199 466 2235 Actiaca=
499 2198 583 2243 quid
605 2198 663 2232 ille
689 2198 761 2232 dics
786 2201 958 2232 terrarum

305 2246 378 2280 orbi
403 2244 627 2290 praestiterit.
666 2244 744 2278 Vim
784 2245 956 2288 exemplo-

303 2304 383 2327 rum
407 2292 653 2336 eongesnerunt
675 2290 801 2324 Graev.
822 2290 865 2324 ad
883 2290 956 2329 Cic.

302 2337 591 2420 t{3.{⁰31‘ff.{‘{:
624 2338 663 2416 εἳξ
689 2336 961 2426 ςῗὶῗῖῗῦὲωῗὲ·

302 2431 374 2467 tale
397 2430 668 2464 additamentum
690 2428 854 2472 reperias.

347 2478 385 2511 in
417 2476 580 2510 altissimo
614 2475 805 2511 luminavit.
843 2473 954 2517 Aliae,

303 2523 468 2557 altissime
507 2522 738 2556 inluminavit.
781 2522 956 2558 Rnamn.

300 2567 422 2603 Placet
443 2567 532 2602 mihi
561 2567 758 2602 coniectura
780 2567 955 2602 Rhenani.

303 2615 346 2647 In
372 2618 493 2649 natum
523 2616 574 2648 est
604 2625 647 2648 cx
676 2625 710 2647 m
731 2614 829 2648 vocis
850 2624 955 2658 prae-

301 2660 476 2703 cedentis,
518 2663 557 2695 ut
585 2659 705 2694 multis
743 2659 829 2694 locis
861 2657 955 2704 apud

298 2705 481 2741 Velleium.
521 2706 696 2750 Altisqime
734 2706 955 2742 inluminavit

298 2751 443 2797 dicitur,
488 2755 527 2790 ut
575 2752 797 2796 excelsissime
828 2752 952 2804 floruit

1032 1147 1062 1183 I.
1107 1146 1143 1183 6.
1200 1148 1292 1194 quod
1335 1150 1424 1186 bene
1468 1149 1684 1192 comparavit

1032 1194 1219 1239 Wopkens.
1243 1195 1342 1231 Mine.
1375 1196 1458 1232 ube.
1482 1197 1572 1232 vill.
1602 1208 1682 1242 pag.

1032 1241 1089 1276 44.
1120 1242 1252 1276 Eodem
1281 1244 1386 1278 modo
1418 1244 1510 1287 cepit
1544 1243 1684 1278 Ouden-

1033 1287 1129 1331 dorp.
1152 1288 1196 1322 ad
1219 1288 1382 1332 Appuleii
1404 1290 1490 1323 Met.
1518 1286 1576 1324 vl.
1600 1301 1682 1335 pag.

1032 1328 1112 1368 411.
1148 1334 1379 1377 Inluminare‚
1410 1346 1478 1369 non
1502 1335 1682 1377 luminare,

1030 1390 1165 1423 semper
1193 1380 1277 1415 dicit
1308 1381 1480 1424 Velleius,
1511 1392 1542 1415 e.
1574 1393 1610 1427 g.
1631 1380 1681 1419 II.

1029 1423 1085 1458 18.
1123 1425 1242 1459 horum
1259 1424 1370 1470 fidem
1397 1426 1682 1471 Mytilenaeorum

1027 1471 1175 1516 perfidia
1195 1471 1426 1507 inluminavit.
1454 1473 1553 1518 Quae
1571 1475 1682 1510 verba

1029 1517 1595 1611 {Zipfusstffi'rgifissyffiissssnmiitr
1618 1519 1682 1603 ‘i‘s

1073 1631 1106 1676 §.
1129 1631 1163 1667 2.
1196 1633 1295 1668 homo
1321 1634 1444 1668 virtuti
1476 1635 1680 1672 simillimus.

1026 1678 1188 1726 Exempl.
1208 1684 1279 1716 vet.
1311 1680 1436 1716 habeta
1466 1692 1535 1715 non
1558 1682 1681 1716 virtuti

1026 1725 1229 1760 simillimus.
1270 1726 1340 1761 Sed
1377 1726 1442 1770 (ut
1471 1730 1551 1763 eunt
1578 1727 1682 1763 varia.

1028 1771 1346 1817 chirographorum
1375 1773 1530 1819 genera)
1567 1774 1678 1818 suspi-

1027 1829 1088 1852 cor
1107 1818 1292 1853 librarium
1315 1819 1414 1853 homo
1435 1818 1487 1854 sic
1516 1820 1566 1854 1ιό
1586 1819 1680 1854 scri-

1027 1868 1126 1908 ptum
1147 1876 1212 1909 pro
1232 1877 1302 1900 non
1319 1864 1510 1910 aepexinez
1542 1875 1624 1900 nam
1646 1865 1679 1903 si

1027 1910 1253 1954 aspirationis
1289 1912 1436 1946 caudam
1466 1921 1571 1956 quam
1598 1923 1680 1946 nur-

1025 1965 1103 1990 sum
1125 1960 1279 1992 erectam
1298 1957 1424 1999 habet',
1444 1968 1512 1992 nou
1531 1958 1678 2004 longule

1025 2001 1062 2036 in
1083 2003 1196 2037 altum
1218 2002 1446 2047 protraxeris,
1469 2015 1494 2038 n
1511 2015 1586 2039 enee
1601 2003 1678 2038 cui-

1023 2048 1678 2131 {linimizlss'ssssu‘sslkss‘iipisiss‘i‘igl'

1022 2139 1158 2175 iuscula
1180 2140 1236 2175 edi
1257 2140 1430 2184 iussimus,
1452 2145 1492 2176 ut
1510 2143 1584 2176 Dea
1601 2142 1678 2177 Vir-

1022 2190 1099 2228 tus,
1133 2185 1232 2221 cuiue
1262 2185 1571 2231 etiam'templum
1600 2189 1677 2223 Ro-

1022 2243 1103 2267 mae
1123 2237 1209 2276 erat,
1233 2232 1460 2279 intelligatur.
1483 2233 1568 2268 vide
1582 2234 1685 2268 Bur-¹

1021 2289 1138 2360 ἔξω.
1170 2278 1271 2315 Misc.
1305 2279 1451 2316 Observ.
1472 2279 1563 2314 vul.
1588 2291 1672 2327 pag.
1716 2293 1720 2299 ¹

1037 2377 1039 2379 ¹
1067 2379 1166 2424 Diis,
1187 2381 1290 2428 'quam
1308 2381 1498 2417 hominibus
1519 2377 1681 2429 propior.

1023 2424 1135 2474 Saepe
1157 2433 1290 2463 veteres
1312 2428 1381 2463 hac
1401 2428 1554 2464 formula
1571 2433 1674 2464 utun»-
1699 2449 1704 2453 ·

1021 2477 1079 2509 tur
1118 2473 1153 2508 in
1189 2474 1316 2509 eximia
1353 2476 1502 2519 quadam
1541 2474 1678 2523 ingenii?

1019 2523 1081 2555 aut
1102 2519 1240 2556 virtutis
1258 2521 1468 2566 praestantia
1493 2520 1679 2562 declax-auf*

1020 2566 1075 2601 da.
1099 2566 1144 2600 11.
1168 2566 1246 2601 130.
1278 2567 1355 2602 loco
1376 2566 1578 2603 simillimo:
1606 2578 1673 2614 per

1021 2613 1136 2647 omnia
1153 2613 1255 2655 Deis,
1278 2610 1396 2658 quam¹
1408 2613 1599 2648 hominibus
1614 2614 1690 2664 *si-5⁷

1019 2656 1131 2694 mittor
1146 2660 1296 2704 femina.
1320 2659 1466 2695 Plautus
1487 2659 1611 2696 Pseud.
1629 2658 1675 2696 w

1018 2704 1054 2747 1.
1087 2705 1144 2741 13.
1179 2706 1217 2740 in
1241 2706 1303 2740 hoc
1323 2707 1443 2740 'omnes
1476 2706 1672 2750 venustate&

1017 2755 1116 2788 sume
1149 2751 1233 2803 Deis
1258 2752 1453 2801 proximum
1468 2762 1558 2805 lm.
1575 2749 1678 2803 ᾳόᾒῖῄ
