<?xml version="1.0" encoding="UTF-8"?>
<!DOCTYPE html PUBLIC "-//W3C//DTD XHTML 1.0 Transitional//EN"
    "http://www.w3.org/TR/xhtml1/DTD/xhtml1-transitional.dtd">
<html xmlns="http://www.w3.org/1999/xhtml" xml:lang="en" lang="en">
 <head>
  <title>
</title>
<meta http-equiv="Content-Type" content="text/html;charset=utf-8" />
  <meta name='ocr-system' content='tesseract 3.04.00' />
  <meta name='ocr-capabilities' content='ocr_page ocr_carea ocr_par ocr_line ocrx_word'/>
</head>
<body>
  <div class='ocr_page' id='page_1' title='image "./quaesupersuntexh00velluoft_0304.png"; bbox 0 0 1728 3054; ppageno 0'>
   <div class='ocr_carea' id='block_1_1' title="bbox 283 223 1436 284">
    <p class='ocr_par' dir='ltr' id='par_1_1' title="bbox 283 223 1436 284">
     <span class='ocr_line' id='line_1_1' title="bbox 283 223 1436 284; baseline -0.002 0"><span class='ocrx_word' id='word_1_1' title='bbox 283 243 368 284; x_wconf 79' lang='lat'><strong>116</strong></span> <span class='ocrx_word' id='word_1_2' title='bbox 585 237 633 278; x_wconf 87' lang='lat' dir='ltr'><strong>c.</strong></span> <span class='ocrx_word' id='word_1_3' title='bbox 669 236 951 279; x_wconf 75' lang='lat' dir='ltr'><strong>VELLnu</strong></span> <span class='ocrx_word' id='word_1_4' title='bbox 987 223 1379 284; x_wconf 72' lang='lat' dir='ltr'><strong>PA&#39;rnncUm</strong></span> <span class='ocrx_word' id='word_1_5' title='bbox 1429 251 1436 262; x_wconf 84' lang='lat'><strong>·</strong></span> 
     </span>
    </p>
   </div>
   <div class='ocr_carea' id='block_1_2' title="bbox 281 351 1658 553">
    <p class='ocr_par' dir='ltr' id='par_1_2' title="bbox 281 351 1658 553">
     <span class='ocr_line' id='line_1_2' title="bbox 282 351 1657 415; baseline 0.005 -18"><span class='ocrx_word' id='word_1_6' title='bbox 282 355 439 415; x_wconf 83' lang='lat' dir='ltr'><strong>gilius,</strong></span> <span class='ocrx_word' id='word_1_7' title='bbox 473 351 795 412; x_wconf 84' lang='lat' dir='ltr'><strong>Rabiriusque,</strong></span> <span class='ocrx_word' id='word_1_8' title='bbox 834 359 878 398; x_wconf 90' lang='lat' dir='ltr'><strong>et</strong></span> <span class='ocrx_word' id='word_1_9' title='bbox 913 353 1460 402; x_wconf 66' lang='lat' dir='ltr'><strong>consecutus‘Sallustium</strong></span> <span class='ocrx_word' id='word_1_10' title='bbox 1488 359 1657 414; x_wconf 84' lang='lat' dir='ltr'><strong>Livius,</strong></span> 
     </span>
     <span class='ocr_line' id='line_1_3' title="bbox 282 418 1658 487; baseline 0.003 -20"><span class='ocrx_word' id='word_1_11' title='bbox 282 421 606 478; x_wconf 81' lang='lat' dir='ltr'><strong>Tibullusque,</strong></span> <span class='ocrx_word' id='word_1_12' title='bbox 651 429 696 465; x_wconf 90' lang='lat' dir='ltr'><strong>et</strong></span> <span class='ocrx_word' id='word_1_13' title='bbox 729 418 871 477; x_wconf 83' lang='lat' dir='ltr'><strong>Naso,</strong></span> <span class='ocrx_word' id='word_1_14' title='bbox 915 424 1221 482; x_wconf 80' lang='lat' dir='ltr'><strong>perfectissimi</strong></span> <span class='ocrx_word' id='word_1_15' title='bbox 1254 426 1299 470; x_wconf 89' lang='lat' dir='ltr'><strong>in</strong></span> <span class='ocrx_word' id='word_1_16' title='bbox 1333 426 1479 471; x_wconf 87' lang='lat' dir='ltr'><strong>forma</strong></span> <span class='ocrx_word' id='word_1_17' title='bbox 1512 430 1658 487; x_wconf 84' lang='lat' dir='ltr'><strong>operis</strong></span> 
     </span>
     <span class='ocr_line' id='line_1_4' title="bbox 281 490 1658 553; baseline 0.004 -18"><span class='ocrx_word' id='word_1_18' title='bbox 281 491 358 535; x_wconf 86' lang='lat' dir='ltr'><strong>sui.</strong></span> <span class='ocrx_word' id='word_1_19' title='bbox 430 490 545 534; x_wconf 84' lang='lat' dir='ltr'><strong>Nam</strong></span> <span class='ocrx_word' id='word_1_20' title='bbox 580 491 781 535; x_wconf 81' lang='lat' dir='ltr'><strong>vivorum</strong></span> <span class='ocrx_word' id='word_1_21' title='bbox 818 498 864 535; x_wconf 89' lang='lat' dir='ltr'><strong>ut</strong></span> <span class='ocrx_word' id='word_1_22' title='bbox 899 509 1061 553; x_wconf 82' lang='lat' dir='ltr'><strong>magna</strong></span> <span class='ocrx_word' id='word_1_23' title='bbox 1097 492 1346 549; x_wconf 82' lang='lat' dir='ltr'><strong>admiratio,</strong></span> <span class='ocrx_word' id='word_1_24' title='bbox 1381 496 1438 539; x_wconf 85' lang='lat' dir='ltr'><strong>ita</strong></span> <span class='ocrx_word' id='word_1_25' title='bbox 1473 510 1658 541; x_wconf 78' lang='lat' dir='ltr'><strong>censura</strong></span> 
     </span>
    </p>
   </div>
   <div class='ocr_carea' id='block_1_3' title="bbox 282 559 1658 688">
    <p class='ocr_par' dir='ltr' id='par_1_3' title="bbox 282 559 1658 688">
     <span class='ocr_line' id='line_1_5' title="bbox 282 559 585 603; baseline -0.003 -1"><span class='ocrx_word' id='word_1_26' title='bbox 282 559 475 603; x_wconf 85' lang='lat' dir='ltr'><strong>difficilis</strong></span> <span class='ocrx_word' id='word_1_27' title='bbox 511 565 585 602; x_wconf 81' lang='lat' dir='ltr'><strong>est.</strong></span> 
     </span>
     <span class='ocr_line' id='line_1_6' title="bbox 420 627 1658 688; baseline 0.002 -16"><span class='ocrx_word' id='word_1_28' title='bbox 420 627 551 672; x_wconf 73' lang='lat' dir='ltr'><strong>CAP.</strong></span> <span class='ocrx_word' id='word_1_29' title='bbox 597 627 823 672; x_wconf 70' lang='lat' dir='ltr'><strong>xxxvii.</strong></span> <span class='ocrx_word' id='word_1_30' title='bbox 876 628 992 671; x_wconf 88' lang='lat' dir='ltr'><strong>Dum</strong></span> <span class='ocrx_word' id='word_1_31' title='bbox 1032 628 1145 674; x_wconf 85' lang='lat' dir='ltr'><strong>haec</strong></span> <span class='ocrx_word' id='word_1_32' title='bbox 1178 630 1220 673; x_wconf 91' lang='lat' dir='ltr'><strong>in</strong></span> <span class='ocrx_word' id='word_1_33' title='bbox 1262 631 1399 685; x_wconf 89' lang='lat' dir='ltr'><strong>urbe,</strong></span> <span class='ocrx_word' id='word_1_34' title='bbox 1444 631 1658 688; x_wconf 79' lang='lat' dir='ltr'><strong>Italiaque</strong></span> 
     </span>
    </p>
   </div>
   <div class='ocr_carea' id='block_1_4' title="bbox 242 695 1660 1378">
    <p class='ocr_par' dir='ltr' id='par_1_4' title="bbox 242 695 1660 1378">
     <span class='ocr_line' id='line_1_7' title="bbox 283 695 1659 758; baseline 0.003 -18"><span class='ocrx_word' id='word_1_35' title='bbox 283 706 521 758; x_wconf 80' lang='lat' dir='ltr'><strong>geruntur,</strong></span> <span class='ocrx_word' id='word_1_36' title='bbox 581 695 663 743; x_wconf 88' lang='lat' dir='ltr'><strong>Cn</strong></span> <span class='ocrx_word' id='word_1_37' title='bbox 709 698 948 757; x_wconf 73' lang='lat' dir='ltr'><strong>Pompeius</strong></span> <span class='ocrx_word' id='word_1_38' title='bbox 991 699 1278 742; x_wconf 80' lang='lat' dir='ltr'><strong>memorabile</strong></span> <span class='ocrx_word' id='word_1_39' title='bbox 1323 699 1529 744; x_wconf 84' lang='lat' dir='ltr'><strong>adversus</strong></span> <span class='ocrx_word' id='word_1_40' title='bbox 1563 699 1659 743; x_wconf 86' lang='lat' dir='ltr'><strong>Mi-</strong></span> 
     </span>
     <span class='ocr_line' id='line_1_8' title="bbox 283 766 1659 829; baseline 0.003 -21"><span class='ocrx_word' id='word_1_41' title='bbox 283 766 529 818; x_wconf 80' lang='lat' dir='ltr'><strong>thridaten,</strong></span> <span class='ocrx_word' id='word_1_42' title='bbox 587 766 663 822; x_wconf 84' lang='lat' dir='ltr'><strong>qui</strong></span> <span class='ocrx_word' id='word_1_43' title='bbox 719 774 817 824; x_wconf 81' lang='lat' dir='ltr'><strong>post</strong></span> <span class='ocrx_word' id='word_1_44' title='bbox 871 766 1051 811; x_wconf 84' lang='lat' dir='ltr'>Luculli</span> <span class='ocrx_word' id='word_1_45' title='bbox 1102 767 1428 826; x_wconf 82' lang='lat' dir='ltr'><strong>profectionem</strong></span> <span class='ocrx_word' id='word_1_46' title='bbox 1474 783 1659 829; x_wconf 86' lang='lat' dir='ltr'><strong>magnas</strong></span> 
     </span>
     <span class='ocr_line' id='line_1_9' title="bbox 245 834 1660 896; baseline 0.001 -18"><span class='ocrx_word' id='word_1_47' title='bbox 245 835 385 884; x_wconf 84' lang='lat' dir='ltr'><strong>2novi</strong></span> <span class='ocrx_word' id='word_1_48' title='bbox 421 834 635 887; x_wconf 76' lang='lat' dir='ltr'><strong>exercitus</strong></span> <span class='ocrx_word' id='word_1_49' title='bbox 669 836 780 878; x_wconf 85' lang='lat' dir='ltr'><strong>vires</strong></span> <span class='ocrx_word' id='word_1_50' title='bbox 815 843 1119 892; x_wconf 82' lang='lat' dir='ltr'><strong>reparaverat,</strong></span> <span class='ocrx_word' id='word_1_51' title='bbox 1164 837 1334 880; x_wconf 90' lang='lat' dir='ltr'><strong>bellum</strong></span> <span class='ocrx_word' id='word_1_52' title='bbox 1379 837 1527 896; x_wconf 82' lang='lat' dir='ltr'><strong>gessit.</strong></span> <span class='ocrx_word' id='word_1_53' title='bbox 1596 838 1660 882; x_wconf 86' lang='lat' dir='ltr'><strong>At</strong></span> 
     </span>
     <span class='ocr_line' id='line_1_10' title="bbox 281 903 1658 965; baseline 0.002 -18"><span class='ocrx_word' id='word_1_54' title='bbox 281 918 360 948; x_wconf 84' lang='lat' dir='ltr'><strong>rex</strong></span> <span class='ocrx_word' id='word_1_55' title='bbox 395 903 514 948; x_wconf 90' lang='lat' dir='ltr'><strong>fusus</strong></span> <span class='ocrx_word' id='word_1_56' title='bbox 549 903 836 963; x_wconf 79' lang='lat' dir='ltr'><strong>fugatusque,</strong></span> <span class='ocrx_word' id='word_1_57' title='bbox 874 910 917 946; x_wconf 84' lang='lat' dir='ltr'><strong>et</strong></span> <span class='ocrx_word' id='word_1_58' title='bbox 952 905 1154 948; x_wconf 87' lang='lat' dir='ltr'><strong>omnibus</strong></span> <span class='ocrx_word' id='word_1_59' title='bbox 1189 913 1342 949; x_wconf 82' lang='lat' dir='ltr'><strong>exutus</strong></span> <span class='ocrx_word' id='word_1_60' title='bbox 1377 907 1533 965; x_wconf 84' lang='lat' dir='ltr'><strong>copiis,</strong></span> <span class='ocrx_word' id='word_1_61' title='bbox 1568 907 1658 950; x_wconf 88' lang='lat' dir='ltr'><strong>Ar-</strong></span> 
     </span>
     <span class='ocr_line' id='line_1_11' title="bbox 281 972 1657 1034; baseline 0.001 -17"><span class='ocrx_word' id='word_1_62' title='bbox 281 973 500 1027; x_wconf 87' lang='lat' dir='ltr'><strong>meniam,</strong></span> <span class='ocrx_word' id='word_1_63' title='bbox 547 972 885 1031; x_wconf 84' lang='lat' dir='ltr'><strong>Tigranemque</strong></span> <span class='ocrx_word' id='word_1_64' title='bbox 929 987 1129 1017; x_wconf 88' lang='lat' dir='ltr'><strong>socerum</strong></span> <span class='ocrx_word' id='word_1_65' title='bbox 1175 974 1310 1032; x_wconf 83' lang='lat' dir='ltr'><strong>petit,</strong></span> <span class='ocrx_word' id='word_1_66' title='bbox 1363 989 1520 1034; x_wconf 82' lang='lat' dir='ltr'><strong>regem</strong></span> <span class='ocrx_word' id='word_1_67' title='bbox 1565 976 1657 1019; x_wconf 87' lang='lat' dir='ltr'><strong>eius</strong></span> 
     </span>
     <span class='ocr_line' id='line_1_12' title="bbox 281 1040 1656 1103; baseline 0.001 -17"><span class='ocrx_word' id='word_1_68' title='bbox 281 1042 520 1100; x_wconf 81' lang='lat' dir='ltr'><strong>temporis,</strong></span> <span class='ocrx_word' id='word_1_69' title='bbox 555 1040 635 1085; x_wconf 86' lang='lat' dir='ltr'><strong>nisi</strong></span> <span class='ocrx_word' id='word_1_70' title='bbox 671 1056 759 1098; x_wconf 85' lang='lat' dir='ltr'><strong>qua</strong></span> <span class='ocrx_word' id='word_1_71' title='bbox 794 1042 972 1084; x_wconf 82' lang='lat' dir='ltr'><strong>Luculli</strong></span> <span class='ocrx_word' id='word_1_72' title='bbox 1009 1042 1138 1085; x_wconf 88' lang='lat' dir='ltr'><strong>armis</strong></span> <span class='ocrx_word' id='word_1_73' title='bbox 1174 1050 1267 1085; x_wconf 86' lang='lat' dir='ltr'><strong>erat</strong></span> <span class='ocrx_word' id='word_1_74' title='bbox 1299 1043 1531 1096; x_wconf 82' lang='lat' dir='ltr'><strong>infractus,</strong></span> <span class='ocrx_word' id='word_1_75' title='bbox 1567 1059 1656 1103; x_wconf 92' lang='lat' dir='ltr'><strong>p0-</strong></span> 
     </span>
     <span class='ocr_line' id='line_1_13' title="bbox 242 1109 1656 1170; baseline 0.001 -15"><span class='ocrx_word' id='word_1_76' title='bbox 242 1111 582 1156; x_wconf 73' lang='lat' dir='ltr'><strong>atentissimum.</strong></span> <span class='ocrx_word' id='word_1_77' title='bbox 644 1109 793 1154; x_wconf 66' lang='lat' dir='ltr'><strong>Simul</strong></span> <span class='ocrx_word' id='word_1_78' title='bbox 830 1111 978 1167; x_wconf 82' lang='lat' dir='ltr'><strong>itaque</strong></span> <span class='ocrx_word' id='word_1_79' title='bbox 1015 1110 1127 1154; x_wconf 86' lang='lat' dir='ltr'><strong>duos</strong></span> <span class='ocrx_word' id='word_1_80' title='bbox 1169 1118 1423 1169; x_wconf 85' lang='lat' dir='ltr'><strong>persecutus</strong></span> <span class='ocrx_word' id='word_1_81' title='bbox 1457 1112 1656 1170; x_wconf 89' lang='lat' dir='ltr'><strong>Pompe-</strong></span> 
     </span>
     <span class='ocr_line' id='line_1_14' title="bbox 279 1178 1658 1240; baseline 0 -16"><span class='ocrx_word' id='word_1_82' title='bbox 279 1180 370 1233; x_wconf 85' lang='lat' dir='ltr'><strong>ius,</strong></span> <span class='ocrx_word' id='word_1_83' title='bbox 413 1180 589 1222; x_wconf 87' lang='lat' dir='ltr'><strong>intravit</strong></span> <span class='ocrx_word' id='word_1_84' title='bbox 635 1178 903 1222; x_wconf 85' lang='lat' dir='ltr'><strong>Armeniam.</strong></span> <span class='ocrx_word' id='word_1_85' title='bbox 975 1180 1103 1223; x_wconf 85' lang='lat' dir='ltr'><strong>Prior</strong></span> <span class='ocrx_word' id='word_1_86' title='bbox 1148 1180 1264 1223; x_wconf 86' lang='lat' dir='ltr'><strong>filius</strong></span> <span class='ocrx_word' id='word_1_87' title='bbox 1307 1179 1541 1240; x_wconf 83' lang='lat' dir='ltr'><strong>Tigranis,</strong></span> <span class='ocrx_word' id='word_1_88' title='bbox 1577 1180 1658 1225; x_wconf 86' lang='lat' dir='ltr'><strong>sed</strong></span> 
     </span>
     <span class='ocr_line' id='line_1_15' title="bbox 281 1247 1656 1308; baseline 0.001 -16"><span class='ocrx_word' id='word_1_89' title='bbox 281 1248 448 1292; x_wconf 83' lang='lat' dir='ltr'><strong>discors</strong></span> <span class='ocrx_word' id='word_1_90' title='bbox 493 1247 632 1306; x_wconf 79' lang='lat' dir='ltr'><strong>patri,</strong></span> <span class='ocrx_word' id='word_1_91' title='bbox 690 1248 892 1306; x_wconf 86' lang='lat' dir='ltr'><strong>pervenit</strong></span> <span class='ocrx_word' id='word_1_92' title='bbox 948 1247 1004 1291; x_wconf 86' lang='lat' dir='ltr'><strong>ad</strong></span> <span class='ocrx_word' id='word_1_93' title='bbox 1062 1249 1352 1307; x_wconf 81' lang='lat' dir='ltr'><strong>Pompeium3</strong></span> <span class='ocrx_word' id='word_1_94' title='bbox 1412 1264 1517 1292; x_wconf 83' lang='lat' dir='ltr'><strong>mox</strong></span> <span class='ocrx_word' id='word_1_95' title='bbox 1560 1249 1656 1308; x_wconf 89' lang='lat' dir='ltr'><strong>ipse</strong></span> 
     </span>
     <span class='ocr_line' id='line_1_16' title="bbox 278 1317 1656 1378; baseline 0 -16"><span class='ocrx_word' id='word_1_96' title='bbox 278 1317 470 1377; x_wconf 83' lang='lat' dir='ltr'><strong>supplex</strong></span> <span class='ocrx_word' id='word_1_97' title='bbox 504 1322 549 1360; x_wconf 85' lang='lat' dir='ltr'><strong>et</strong></span> <span class='ocrx_word' id='word_1_98' title='bbox 582 1331 788 1375; x_wconf 86' lang='lat' dir='ltr'><strong>praesens</strong></span> <span class='ocrx_word' id='word_1_99' title='bbox 829 1331 875 1359; x_wconf 88' lang='lat' dir='ltr'><strong>se</strong></span> <span class='ocrx_word' id='word_1_100' title='bbox 920 1331 1200 1376; x_wconf 84' lang='lat' dir='ltr'><strong>regnumque</strong></span> <span class='ocrx_word' id='word_1_101' title='bbox 1235 1317 1390 1361; x_wconf 78' lang='lat' dir='ltr'><strong>ditioni</strong></span> <span class='ocrx_word' id='word_1_102' title='bbox 1424 1317 1514 1362; x_wconf 85' lang='lat' dir='ltr'><strong>eius</strong></span> <span class='ocrx_word' id='word_1_103' title='bbox 1547 1333 1656 1378; x_wconf 87' lang='lat' dir='ltr'><strong>per-</strong></span> 
     </span>
    </p>
   </div>
   <div class='ocr_carea' id='block_1_5' title="bbox 1001 1447 1655 1539">
    <p class='ocr_par' dir='ltr' id='par_1_5' title="bbox 1001 1447 1655 1539">
     <span class='ocr_line' id='line_1_17' title="bbox 1044 1447 1655 1492; baseline 0.007 -11"><span class='ocrx_word' id='word_1_104' title='bbox 1044 1447 1296 1492; x_wconf 78' lang='lat' dir='ltr'><strong>perfectissimi.</strong></span> <span class='ocrx_word' id='word_1_105' title='bbox 1319 1447 1379 1482; x_wconf 85' lang='lat' dir='ltr'><strong>Sic</strong></span> <span class='ocrx_word' id='word_1_106' title='bbox 1402 1449 1525 1483; x_wconf 81' lang='lat' dir='ltr'><strong>Editor</strong></span> <span class='ocrx_word' id='word_1_107' title='bbox 1546 1450 1655 1487; x_wconf 81' lang='lat' dir='ltr'><strong>Basil.</strong></span> 
     </span>
     <span class='ocr_line' id='line_1_18' title="bbox 1001 1492 1564 1539; baseline 0.005 -12"><span class='ocrx_word' id='word_1_108' title='bbox 1001 1492 1096 1528; x_wconf 83' lang='lat' dir='ltr'><strong>Male</strong></span> <span class='ocrx_word' id='word_1_109' title='bbox 1123 1494 1210 1527; x_wconf 73' lang='lat' dir='ltr'><strong>Edit.</strong></span> <span class='ocrx_word' id='word_1_110' title='bbox 1232 1506 1284 1538; x_wconf 82' lang='lat' dir='ltr'><strong>pr.</strong></span> <span class='ocrx_word' id='word_1_111' title='bbox 1306 1496 1564 1539; x_wconf 66' lang='lat' dir='ltr'><strong>perfectissime.</strong></span> 
     </span>
    </p>
   </div>
   <div class='ocr_carea' id='block_1_6' title="bbox 279 1445 936 1539">
    <p class='ocr_par' dir='ltr' id='par_1_6' title="bbox 279 1445 936 1539">
     <span class='ocr_line' id='line_1_19' title="bbox 279 1445 935 1483; baseline -0.005 0"><span class='ocrx_word' id='word_1_112' title='bbox 279 1446 480 1483; x_wconf 87' lang='lat' dir='ltr'><strong>testimonio</strong></span> <span class='ocrx_word' id='word_1_113' title='bbox 513 1445 631 1481; x_wconf 85' lang='lat' dir='ltr'><strong>Ovidii</strong></span> <span class='ocrx_word' id='word_1_114' title='bbox 660 1446 718 1480; x_wconf 78' lang='lat' dir='ltr'><strong>lv.</strong></span> <span class='ocrx_word' id='word_1_115' title='bbox 751 1457 792 1480; x_wconf 87' lang='lat' dir='ltr'><strong>ex</strong></span> <span class='ocrx_word' id='word_1_116' title='bbox 815 1446 856 1480; x_wconf 91' lang='lat' dir='ltr'><strong>P.</strong></span> <span class='ocrx_word' id='word_1_117' title='bbox 879 1446 935 1481; x_wconf 81' lang='lat'><strong>16.</strong></span> 
     </span>
     <span class='ocr_line' id='line_1_20' title="bbox 279 1493 936 1539; baseline -0.005 -9"><span class='ocrx_word' id='word_1_118' title='bbox 279 1494 315 1530; x_wconf 84' lang='lat'><strong>5.</strong></span> <span class='ocrx_word' id='word_1_119' title='bbox 347 1495 535 1539; x_wconf 78' lang='lat' dir='ltr'><strong>magnique</strong></span> <span class='ocrx_word' id='word_1_120' title='bbox 570 1493 734 1526; x_wconf 80' lang='lat' dir='ltr'><strong>Rabirius</strong></span> <span class='ocrx_word' id='word_1_121' title='bbox 763 1493 840 1526; x_wconf 81' lang='lat' dir='ltr'><strong>oris.</strong></span> <span class='ocrx_word' id='word_1_122' title='bbox 875 1493 936 1527; x_wconf 82' lang='lat' dir='ltr'><strong>ubi</strong></span> 
     </span>
    </p>
   </div>
   <div class='ocr_carea' id='block_1_7' title="bbox 212 1538 937 2831">
    <p class='ocr_par' dir='ltr' id='par_1_7' title="bbox 277 1538 937 1818">
     <span class='ocr_line' id='line_1_21' title="bbox 278 1538 937 1581; baseline -0.006 -5"><span class='ocrx_word' id='word_1_123' title='bbox 278 1541 443 1576; x_wconf 81' lang='lat' dir='ltr'><strong>iocularis</strong></span> <span class='ocrx_word' id='word_1_124' title='bbox 484 1551 580 1573; x_wconf 81' lang='lat' dir='ltr'><strong>error</strong></span> <span class='ocrx_word' id='word_1_125' title='bbox 629 1544 681 1572; x_wconf 66' lang='lat' dir='ltr'><strong>est</strong></span> <span class='ocrx_word' id='word_1_126' title='bbox 730 1538 937 1581; x_wconf 82' lang='lat' dir='ltr'><strong>Burmanni,</strong></span> 
     </span>
     <span class='ocr_line' id='line_1_22' title="bbox 277 1585 936 1628; baseline -0.006 -6"><span class='ocrx_word' id='word_1_127' title='bbox 277 1588 418 1622; x_wconf 79' lang='lat' dir='ltr'><strong>titulum</strong></span> <span class='ocrx_word' id='word_1_128' title='bbox 441 1585 609 1621; x_wconf 68' lang='lat' dir='ltr'><strong>orationis</strong></span> <span class='ocrx_word' id='word_1_129' title='bbox 629 1585 825 1628; x_wconf 68' lang='lat' dir='ltr'><strong>Ciceronis,</strong></span> <span class='ocrx_word' id='word_1_130' title='bbox 861 1586 936 1619; x_wconf 82' lang='lat' dir='ltr'><strong>Ra-</strong></span> 
     </span>
     <span class='ocr_line' id='line_1_23' title="bbox 279 1632 935 1678; baseline -0.003 -10"><span class='ocrx_word' id='word_1_131' title='bbox 279 1635 404 1676; x_wconf 82' lang='lat' dir='ltr'><strong>birius,</strong></span> <span class='ocrx_word' id='word_1_132' title='bbox 439 1634 499 1678; x_wconf 83' lang='lat' dir='ltr'><strong>qui</strong></span> <span class='ocrx_word' id='word_1_133' title='bbox 519 1632 785 1677; x_wconf 65' lang='lat' dir='ltr'><strong>perduellionem</strong></span> <span class='ocrx_word' id='word_1_134' title='bbox 808 1633 935 1674; x_wconf 80' lang='lat' dir='ltr'><strong>secisse</strong></span> 
     </span>
     <span class='ocr_line' id='line_1_24' title="bbox 280 1678 934 1723; baseline -0.003 -10"><span class='ocrx_word' id='word_1_135' title='bbox 280 1682 476 1720; x_wconf 78' lang='lat' dir='ltr'><strong>dicebatur,</strong></span> <span class='ocrx_word' id='word_1_136' title='bbox 501 1679 590 1721; x_wconf 75' lang='lat' dir='ltr'><strong>apud</strong></span> <span class='ocrx_word' id='word_1_137' title='bbox 617 1678 753 1711; x_wconf 74' lang='lat' dir='ltr'><strong>Charis.</strong></span> <span class='ocrx_word' id='word_1_138' title='bbox 787 1679 828 1714; x_wconf 90' lang='lat' dir='ltr'><strong>ll.</strong></span> <span class='ocrx_word' id='word_1_139' title='bbox 853 1689 934 1723; x_wconf 83' lang='lat' dir='ltr'><strong>pag.</strong></span> 
     </span>
     <span class='ocr_line' id='line_1_25' title="bbox 277 1724 935 1769; baseline -0.005 -8"><span class='ocrx_word' id='word_1_140' title='bbox 277 1728 347 1761; x_wconf 66' lang='lat'><strong>188</strong></span> <span class='ocrx_word' id='word_1_141' title='bbox 405 1738 466 1769; x_wconf 80' lang='lat' dir='ltr'><strong>pro</strong></span> <span class='ocrx_word' id='word_1_142' title='bbox 513 1727 555 1759; x_wconf 88' lang='lat' dir='ltr'>R</span> <span class='ocrx_word' id='word_1_143' title='bbox 558 1724 653 1758; x_wconf 79' lang='grc' dir='ltr'>ιΙιιι-ιι</span> <span class='ocrx_word' id='word_1_144' title='bbox 697 1727 820 1768; x_wconf 66' lang='lat' dir='ltr'><strong>poetae</strong></span> <span class='ocrx_word' id='word_1_145' title='bbox 867 1727 935 1759; x_wconf 80' lang='lat' dir='ltr'><strong>fra-</strong></span> 
     </span>
     <span class='ocr_line' id='line_1_26' title="bbox 277 1770 660 1818; baseline -0.011 -11"><span class='ocrx_word' id='word_1_146' title='bbox 277 1778 420 1818; x_wconf 83' lang='lat' dir='ltr'><strong>gmento</strong></span> <span class='ocrx_word' id='word_1_147' title='bbox 451 1770 660 1815; x_wconf 68' lang='lat' dir='ltr'><strong>accipientis</strong></span> 
     </span>
    </p>

    <p class='ocr_par' dir='ltr' id='par_1_8' title="bbox 212 1815 935 2831">
     <span class='ocr_line' id='line_1_27' title="bbox 326 1815 933 1852; baseline -0.007 0"><span class='ocrx_word' id='word_1_148' title='bbox 326 1824 359 1852; x_wconf 86' lang='lat' dir='ltr'><strong>et</strong></span> <span class='ocrx_word' id='word_1_149' title='bbox 399 1823 593 1852; x_wconf 81' lang='lat' dir='ltr'><strong>consecutus</strong></span> <span class='ocrx_word' id='word_1_150' title='bbox 638 1816 839 1850; x_wconf 76' lang='lat' dir='ltr'><strong>Sallustium</strong></span> <span class='ocrx_word' id='word_1_151' title='bbox 871 1815 933 1849; x_wconf 77' lang='lat' dir='ltr'><strong>Li-</strong></span> 
     </span>
     <span class='ocr_line' id='line_1_28' title="bbox 275 1862 934 1906; baseline -0.006 -7"><span class='ocrx_word' id='word_1_152' title='bbox 275 1865 362 1898; x_wconf 77' lang='lat' dir='ltr'><strong>vius.</strong></span> <span class='ocrx_word' id='word_1_153' title='bbox 386 1864 461 1898; x_wconf 81' lang='lat' dir='ltr'><strong>Non</strong></span> <span class='ocrx_word' id='word_1_154' title='bbox 487 1875 546 1906; x_wconf 81' lang='lat' dir='ltr'><strong>pos</strong></span> <span class='ocrx_word' id='word_1_155' title='bbox 531 1874 623 1896; x_wconf 62' lang='lat' dir='ltr'><strong>»sum</strong></span> <span class='ocrx_word' id='word_1_156' title='bbox 647 1863 796 1906; x_wconf 78' lang='lat' dir='ltr'><strong>probare</strong></span> <span class='ocrx_word' id='word_1_157' title='bbox 826 1862 934 1895; x_wconf 80' lang='lat' dir='ltr'><strong>ratio—</strong></span> 
     </span>
     <span class='ocr_line' id='line_1_29' title="bbox 276 1909 933 1954; baseline -0.005 -10"><span class='ocrx_word' id='word_1_158' title='bbox 276 1921 357 1952; x_wconf 84' lang='lat' dir='ltr'><strong>nes,</strong></span> <span class='ocrx_word' id='word_1_159' title='bbox 402 1909 527 1954; x_wconf 88' lang='lat' dir='ltr'><strong>quibus</strong></span> <span class='ocrx_word' id='word_1_160' title='bbox 560 1909 726 1942; x_wconf 77' lang='lat' dir='ltr'><strong>adductus</strong></span> <span class='ocrx_word' id='word_1_161' title='bbox 760 1909 933 1941; x_wconf 85' lang='lat' dir='ltr'><strong>Burman-</strong></span> 
     </span>
     <span class='ocr_line' id='line_1_30' title="bbox 275 1954 934 1998; baseline -0.003 -8"><span class='ocrx_word' id='word_1_162' title='bbox 275 1967 362 1998; x_wconf 86' lang='lat' dir='ltr'><strong>nus,</strong></span> <span class='ocrx_word' id='word_1_163' title='bbox 383 1956 477 1989; x_wconf 85' lang='lat' dir='ltr'><strong>hune</strong></span> <span class='ocrx_word' id='word_1_164' title='bbox 499 1956 615 1989; x_wconf 83' lang='lat' dir='ltr'><strong>locum</strong></span> <span class='ocrx_word' id='word_1_165' title='bbox 639 1955 693 1988; x_wconf 76' lang='lat' dir='ltr'><strong>ita&#39;</strong></span> <span class='ocrx_word' id='word_1_166' title='bbox 709 1954 873 1987; x_wconf 82' lang='lat' dir='ltr'><strong>tentavit:</strong></span> <span class='ocrx_word' id='word_1_167' title='bbox 899 1959 934 1988; x_wconf 82' lang='lat' dir='ltr'><strong>et</strong></span> 
     </span>
     <span class='ocr_line' id='line_1_31' title="bbox 212 2001 935 2042; baseline -0.006 -6"><span class='ocrx_word' id='word_1_168' title='bbox 212 2002 214 2005; x_wconf 69' lang='grc'>’</span> <span class='ocrx_word' id='word_1_169' title='bbox 275 2007 471 2036; x_wconf 76' lang='lat' dir='ltr'><strong>consecutus</strong></span> <span class='ocrx_word' id='word_1_170' title='bbox 496 2002 636 2036; x_wconf 82' lang='lat' dir='ltr'><strong>Gallum</strong></span> <span class='ocrx_word' id='word_1_171' title='bbox 663 2001 828 2042; x_wconf 81' lang='lat' dir='ltr'><strong>Tibullus,</strong></span> <span class='ocrx_word' id='word_1_172' title='bbox 850 2001 935 2033; x_wconf 87' lang='lat' dir='ltr'><strong>Pro-</strong></span> 
     </span>
     <span class='ocr_line' id='line_1_32' title="bbox 273 2046 934 2094; baseline -0.006 -11"><span class='ocrx_word' id='word_1_173' title='bbox 273 2050 472 2094; x_wconf 67' lang='lat' dir='ltr'><strong>perumque</strong></span> <span class='ocrx_word' id='word_1_174' title='bbox 512 2052 545 2082; x_wconf 83' lang='lat' dir='ltr'><strong>et</strong></span> <span class='ocrx_word' id='word_1_175' title='bbox 586 2047 693 2080; x_wconf 78' lang='lat' dir='ltr'><strong>Naso.</strong></span> <span class='ocrx_word' id='word_1_176' title='bbox 733 2046 823 2080; x_wconf 82' lang='lat' dir='ltr'><strong>Nam</strong></span> <span class='ocrx_word' id='word_1_177' title='bbox 861 2046 934 2090; x_wconf 86' lang='lat' dir='ltr'><strong>pri-</strong></span> 
     </span>
     <span class='ocr_line' id='line_1_33' title="bbox 274 2092 934 2150; baseline -0.005 -21"><span class='ocrx_word' id='word_1_178' title='bbox 274 2105 393 2136; x_wconf 88' lang='lat' dir='ltr'><strong>mum,</strong></span> <span class='ocrx_word' id='word_1_179' title='bbox 404 2095 508 2150; x_wconf 42' lang='lat' dir='ltr'><strong>“quod</strong></span> <span class='ocrx_word' id='word_1_180' title='bbox 532 2093 702 2135; x_wconf 79' lang='lat' dir='ltr'><strong>miratur,</strong></span> <span class='ocrx_word' id='word_1_181' title='bbox 725 2092 891 2126; x_wconf 81' lang='lat' dir='ltr'><strong>Livium</strong></span> <span class='ocrx_word' id='word_1_182' title='bbox 880 2104 934 2126; x_wconf 85' lang='lat' dir='ltr'><strong>m-</strong></span> 
     </span>
     <span class='ocr_line' id='line_1_34' title="bbox 275 2139 932 2196; baseline -0.003 -21"><span class='ocrx_word' id='word_1_183' title='bbox 275 2145 330 2175; x_wconf 76' lang='lat' dir='ltr'><strong>ter</strong></span> <span class='ocrx_word' id='word_1_184' title='bbox 354 2142 473 2196; x_wconf 63' lang='lat' dir='ltr'><strong>ppetas</strong></span> <span class='ocrx_word' id='word_1_185' title='bbox 497 2139 690 2180; x_wconf 77' lang='lat' dir='ltr'><strong>recenseri,</strong></span> <span class='ocrx_word' id='word_1_186' title='bbox 722 2150 790 2172; x_wconf 91' lang='lat' dir='ltr'><strong>non</strong></span> <span class='ocrx_word' id='word_1_187' title='bbox 814 2140 932 2182; x_wconf 83' lang='lat' dir='ltr'><strong>poetas</strong></span> 
     </span>
     <span class='ocr_line' id='line_1_35' title="bbox 274 2183 933 2228; baseline -0.005 -7"><span class='ocrx_word' id='word_1_188' title='bbox 274 2186 450 2228; x_wconf 79' lang='lat' dir='ltr'><strong>Velleius,</strong></span> <span class='ocrx_word' id='word_1_189' title='bbox 494 2187 551 2220; x_wconf 78' lang='lat' dir='ltr'><strong>sed</strong></span> <span class='ocrx_word' id='word_1_190' title='bbox 594 2183 778 2219; x_wconf 85' lang='lat' dir='ltr'><strong>eminentia</strong></span> <span class='ocrx_word' id='word_1_191' title='bbox 811 2185 933 2219; x_wconf 79' lang='lat' dir='ltr'><strong>aetatis</strong></span> 
     </span>
     <span class='ocr_line' id='line_1_36' title="bbox 275 2231 932 2278; baseline -0.006 -10"><span class='ocrx_word' id='word_1_192' title='bbox 275 2245 361 2270; x_wconf 83' lang='lat' dir='ltr'><strong>suae</strong></span> <span class='ocrx_word' id='word_1_193' title='bbox 397 2232 557 2278; x_wconf 84' lang='lat' dir='ltr'><strong>ingenia,</strong></span> <span class='ocrx_word' id='word_1_194' title='bbox 589 2231 624 2265; x_wconf 89' lang='lat' dir='ltr'><strong>in</strong></span> <span class='ocrx_word' id='word_1_195' title='bbox 657 2232 781 2276; x_wconf 85' lang='lat' dir='ltr'><strong>quibus</strong></span> <span class='ocrx_word' id='word_1_196' title='bbox 814 2231 932 2265; x_wconf 79' lang='lat' dir='ltr'><strong>Livius</strong></span> 
     </span>
     <span class='ocr_line' id='line_1_37' title="bbox 275 2279 928 2323; baseline -0.006 -9"><span class='ocrx_word' id='word_1_197' title='bbox 275 2279 390 2314; x_wconf 89' lang='lat' dir='ltr'><strong>omitti</strong></span> <span class='ocrx_word' id='word_1_198' title='bbox 440 2291 509 2313; x_wconf 86' lang='lat' dir='ltr'><strong>non</strong></span> <span class='ocrx_word' id='word_1_199' title='bbox 539 2282 713 2323; x_wconf 62' lang='lat' dir='ltr'><strong>poterat,</strong></span> <span class='ocrx_word' id='word_1_200' title='bbox 766 2281 928 2311; x_wconf 83' lang='lat' dir='ltr'><strong>recenset.</strong></span> 
     </span>
     <span class='ocr_line' id='line_1_38' title="bbox 272 2323 930 2370; baseline -0.003 -10"><span class='ocrx_word' id='word_1_201' title='bbox 272 2326 418 2367; x_wconf 82' lang='lat' dir='ltr'><strong>Deinde,</strong></span> <span class='ocrx_word' id='word_1_202' title='bbox 441 2326 532 2370; x_wconf 85' lang='lat' dir='ltr'><strong>quod</strong></span> <span class='ocrx_word' id='word_1_203' title='bbox 555 2324 682 2366; x_wconf 82' lang='lat' dir='ltr'><strong>eredit,</strong></span> <span class='ocrx_word' id='word_1_204' title='bbox 714 2323 850 2358; x_wconf 79' lang='lat' dir='ltr'><strong>Livium</strong></span> <span class='ocrx_word' id='word_1_205' title='bbox 873 2324 930 2358; x_wconf 82' lang='lat' dir='ltr'><strong>fa-</strong></span> 
     </span>
     <span class='ocr_line' id='line_1_39' title="bbox 275 2370 928 2412; baseline -0.003 -6"><span class='ocrx_word' id='word_1_206' title='bbox 275 2372 345 2406; x_wconf 87' lang='lat' dir='ltr'><strong>cile</strong></span> <span class='ocrx_word' id='word_1_207' title='bbox 375 2371 541 2405; x_wconf 79' lang='lat' dir='ltr'><strong>omissum</strong></span> <span class='ocrx_word' id='word_1_208' title='bbox 565 2381 660 2412; x_wconf 84' lang='lat' dir='ltr'><strong>esse,</strong></span> <span class='ocrx_word' id='word_1_209' title='bbox 690 2382 733 2403; x_wconf 91' lang='lat' dir='ltr'><strong>ne</strong></span> <span class='ocrx_word' id='word_1_210' title='bbox 765 2370 928 2404; x_wconf 83' lang='lat' dir='ltr'><strong>Tiberius</strong></span> 
     </span>
     <span class='ocr_line' id='line_1_40' title="bbox 271 2416 928 2461; baseline -0.005 -9"><span class='ocrx_word' id='word_1_211' title='bbox 271 2418 375 2452; x_wconf 80' lang='lat' dir='ltr'><strong>laude</strong></span> <span class='ocrx_word' id='word_1_212' title='bbox 405 2417 575 2458; x_wconf 85' lang='lat' dir='ltr'><strong>hominis,</strong></span> <span class='ocrx_word' id='word_1_213' title='bbox 619 2416 779 2461; x_wconf 80' lang='lat' dir='ltr'><strong>antiquae</strong></span> <span class='ocrx_word' id='word_1_214' title='bbox 811 2416 928 2459; x_wconf 68' lang='lat' dir='ltr'><strong>reipu-</strong></span> 
     </span>
     <span class='ocr_line' id='line_1_41' title="bbox 271 2463 927 2506; baseline -0.005 -8"><span class='ocrx_word' id='word_1_215' title='bbox 271 2464 386 2499; x_wconf 83' lang='lat' dir='ltr'><strong>blicae</strong></span> <span class='ocrx_word' id='word_1_216' title='bbox 415 2463 517 2498; x_wconf 86' lang='lat' dir='ltr'><strong>nimis</strong></span> <span class='ocrx_word' id='word_1_217' title='bbox 549 2463 714 2506; x_wconf 84' lang='lat' dir='ltr'><strong>studiosi,</strong></span> <span class='ocrx_word' id='word_1_218' title='bbox 737 2463 927 2496; x_wconf 64' lang='lat' dir='ltr'><strong>offendere-</strong></span> 
     </span>
     <span class='ocr_line' id='line_1_42' title="bbox 271 2509 926 2552; baseline -0.002 -8"><span class='ocrx_word' id='word_1_219' title='bbox 271 2514 348 2552; x_wconf 86' lang='lat' dir='ltr'><strong>tur,</strong></span> <span class='ocrx_word' id='word_1_220' title='bbox 383 2522 451 2544; x_wconf 85' lang='lat' dir='ltr'><strong>non</strong></span> <span class='ocrx_word' id='word_1_221' title='bbox 482 2510 707 2549; x_wconf 78' lang='lat' dir='ltr'><strong>meminerat,</strong></span> <span class='ocrx_word' id='word_1_222' title='bbox 740 2509 878 2543; x_wconf 89' lang='lat' dir='ltr'><strong>Livium</strong></span> <span class='ocrx_word' id='word_1_223' title='bbox 903 2519 926 2543; x_wconf 76' lang='lat' dir='ltr'><strong>a</strong></span> 
     </span>
     <span class='ocr_line' id='line_1_43' title="bbox 273 2556 928 2590; baseline -0.003 -1"><span class='ocrx_word' id='word_1_224' title='bbox 273 2557 403 2590; x_wconf 75' lang='lat' dir='ltr'><strong>Velleio</strong></span> <span class='ocrx_word' id='word_1_225' title='bbox 436 2557 460 2590; x_wconf 85' lang='lat'><strong>1.</strong></span> <span class='ocrx_word' id='word_1_226' title='bbox 497 2557 549 2590; x_wconf 80' lang='lat'><strong>17.</strong></span> <span class='ocrx_word' id='word_1_227' title='bbox 585 2567 666 2590; x_wconf 87' lang='lat' dir='ltr'><strong>cum</strong></span> <span class='ocrx_word' id='word_1_228' title='bbox 703 2556 805 2589; x_wconf 78' lang='lat' dir='ltr'><strong>laude</strong></span> <span class='ocrx_word' id='word_1_229' title='bbox 833 2566 928 2588; x_wconf 85' lang='lat' dir='ltr'><strong>eom-</strong></span> 
     </span>
     <span class='ocr_line' id='line_1_44' title="bbox 270 2601 926 2646; baseline -0.005 -10"><span class='ocrx_word' id='word_1_230' title='bbox 270 2603 469 2636; x_wconf 77' lang='lat' dir='ltr'><strong>memorari.</strong></span> <span class='ocrx_word' id='word_1_231' title='bbox 501 2601 678 2646; x_wconf 87' lang='lat' dir='ltr'><strong>Denique,</strong></span> <span class='ocrx_word' id='word_1_232' title='bbox 719 2601 746 2635; x_wconf 86' lang='lat' dir='ltr'><strong>si</strong></span> <span class='ocrx_word' id='word_1_233' title='bbox 774 2601 926 2634; x_wconf 75' lang='lat' dir='ltr'><strong>Velleius</strong></span> 
     </span>
     <span class='ocr_line' id='line_1_45' title="bbox 269 2648 925 2692; baseline -0.003 -9"><span class='ocrx_word' id='word_1_234' title='bbox 269 2648 361 2683; x_wconf 71' lang='lat' dir='ltr'><strong>Livii</strong></span> <span class='ocrx_word' id='word_1_235' title='bbox 401 2649 608 2682; x_wconf 85' lang='lat' dir='ltr'><strong>mentionem</strong></span> <span class='ocrx_word' id='word_1_236' title='bbox 651 2659 691 2682; x_wconf 85' lang='lat' dir='ltr'><strong>eo</strong></span> <span class='ocrx_word' id='word_1_237' title='bbox 730 2648 925 2692; x_wconf 76' lang='lat' dir='ltr'><strong>refugisset,</strong></span> 
     </span>
     <span class='ocr_line' id='line_1_46' title="bbox 266 2694 924 2739; baseline -0.002 -12"><span class='ocrx_word' id='word_1_238' title='bbox 266 2695 372 2738; x_wconf 74' lang='lat' dir='ltr'><strong>stulte</strong></span> <span class='ocrx_word' id='word_1_239' title='bbox 396 2695 559 2736; x_wconf 77' lang='lat' dir='ltr'><strong>Gallum,</strong></span> <span class='ocrx_word' id='word_1_240' title='bbox 600 2694 657 2728; x_wconf 88' lang='lat' dir='ltr'><strong>cui</strong></span> <span class='ocrx_word' id='word_1_241' title='bbox 681 2695 838 2739; x_wconf 81' lang='lat' dir='ltr'><strong>ingratus</strong></span> <span class='ocrx_word' id='word_1_242' title='bbox 863 2694 924 2727; x_wconf 82' lang='lat' dir='ltr'><strong>ad-</strong></span> 
     </span>
     <span class='ocr_line' id='line_1_47' title="bbox 267 2739 924 2785; baseline -0.002 -11"><span class='ocrx_word' id='word_1_243' title='bbox 267 2751 386 2774; x_wconf 84' lang='lat' dir='ltr'><strong>versus</strong></span> <span class='ocrx_word' id='word_1_244' title='bbox 420 2742 611 2785; x_wconf 77' lang='lat' dir='ltr'><strong>Augustum</strong></span> <span class='ocrx_word' id='word_1_245' title='bbox 654 2741 789 2775; x_wconf 82' lang='lat' dir='ltr'><strong>animus</strong></span> <span class='ocrx_word' id='word_1_246' title='bbox 828 2739 924 2774; x_wconf 85' lang='lat' dir='ltr'><strong>exitii</strong></span> 
     </span>
     <span class='ocr_line' id='line_1_48' title="bbox 265 2787 884 2831; baseline -0.002 -9"><span class='ocrx_word' id='word_1_247' title='bbox 265 2797 373 2822; x_wconf 73' lang='lat' dir='ltr'><strong>eausa</strong></span> <span class='ocrx_word' id='word_1_248' title='bbox 394 2787 480 2827; x_wconf 80' lang='lat' dir='ltr'><strong>fuit,</strong></span> <span class='ocrx_word' id='word_1_249' title='bbox 503 2787 539 2821; x_wconf 86' lang='lat' dir='ltr'><strong>in</strong></span> <span class='ocrx_word' id='word_1_250' title='bbox 561 2787 675 2831; x_wconf 71' lang='lat' dir='ltr'><strong>poetis</strong></span> <span class='ocrx_word' id='word_1_251' title='bbox 696 2787 884 2821; x_wconf 80' lang='lat' dir='ltr'><strong>laudasset.</strong></span> 
     </span>
    </p>
   </div>
   <div class='ocr_carea' id='block_1_8' title="bbox 996 1563 1657 1967">
    <p class='ocr_par' dir='ltr' id='par_1_9' title="bbox 996 1563 1657 1967">
     <span class='ocr_line' id='line_1_49' title="bbox 1047 1563 1656 1609; baseline 0.005 -13"><span class='ocrx_word' id='word_1_252' title='bbox 1047 1563 1145 1597; x_wconf 74' lang='lat' dir='ltr'><strong>CAP.</strong></span> <span class='ocrx_word' id='word_1_253' title='bbox 1171 1563 1344 1598; x_wconf 72' lang='lat' dir='ltr'><strong>xxxvii.</strong></span> <span class='ocrx_word' id='word_1_254' title='bbox 1378 1566 1412 1606; x_wconf 84' lang='lat'><strong>§.</strong></span> <span class='ocrx_word' id='word_1_255' title='bbox 1437 1563 1470 1598; x_wconf 87' lang='lat'><strong>1.</strong></span> <span class='ocrx_word' id='word_1_256' title='bbox 1505 1575 1656 1609; x_wconf 76' lang='lat' dir='ltr'><strong>magnas</strong></span> 
     </span>
     <span class='ocr_line' id='line_1_50' title="bbox 999 1610 1654 1655; baseline 0.003 -13"><span class='ocrx_word' id='word_1_257' title='bbox 999 1610 1079 1643; x_wconf 81' lang='lat' dir='ltr'><strong>novi</strong></span> <span class='ocrx_word' id='word_1_258' title='bbox 1124 1621 1231 1643; x_wconf 80' lang='lat' dir='ltr'><strong>exere.</strong></span> <span class='ocrx_word' id='word_1_259' title='bbox 1275 1612 1364 1644; x_wconf 74' lang='lat' dir='ltr'><strong>vires</strong></span> <span class='ocrx_word' id='word_1_260' title='bbox 1417 1616 1654 1655; x_wconf 82' lang='lat' dir='ltr'><strong>reparaverat.</strong></span> 
     </span>
     <span class='ocr_line' id='line_1_51' title="bbox 999 1656 1657 1702; baseline 0.003 -13"><span class='ocrx_word' id='word_1_261' title='bbox 999 1656 1200 1701; x_wconf 83' lang='lat' dir='ltr'><strong>Legendum</strong></span> <span class='ocrx_word' id='word_1_262' title='bbox 1244 1656 1461 1700; x_wconf 80' lang='lat' dir='ltr'><strong>suspicabar:</strong></span> <span class='ocrx_word' id='word_1_263' title='bbox 1507 1668 1657 1702; x_wconf 78' lang='lat' dir='ltr'><strong>mag-nas</strong></span> 
     </span>
     <span class='ocr_line' id='line_1_52' title="bbox 999 1703 1654 1747; baseline 0.003 -12"><span class='ocrx_word' id='word_1_264' title='bbox 999 1703 1079 1735; x_wconf 84' lang='lat' dir='ltr'><strong>novi</strong></span> <span class='ocrx_word' id='word_1_265' title='bbox 1119 1703 1283 1736; x_wconf 75' lang='lat' dir='ltr'><strong>exercitus</strong></span> <span class='ocrx_word' id='word_1_266' title='bbox 1322 1704 1411 1736; x_wconf 76' lang='lat' dir='ltr'><strong>vires</strong></span> <span class='ocrx_word' id='word_1_267' title='bbox 1451 1709 1654 1747; x_wconf 79' lang='lat' dir='ltr'><strong>paraverat,</strong></span> 
     </span>
     <span class='ocr_line' id='line_1_53' title="bbox 1001 1749 1653 1796; baseline 0.003 -15"><span class='ocrx_word' id='word_1_268' title='bbox 1001 1752 1041 1781; x_wconf 87' lang='lat' dir='ltr'><strong>ut</strong></span> <span class='ocrx_word' id='word_1_269' title='bbox 1074 1759 1112 1783; x_wconf 87' lang='lat' dir='ltr'><strong>re</strong></span> <span class='ocrx_word' id='word_1_270' title='bbox 1143 1755 1257 1782; x_wconf 88' lang='lat' dir='ltr'><strong>ortum</strong></span> <span class='ocrx_word' id='word_1_271' title='bbox 1288 1749 1332 1783; x_wconf 87' lang='lat' dir='ltr'><strong>sit</strong></span> <span class='ocrx_word' id='word_1_272' title='bbox 1363 1761 1404 1783; x_wconf 84' lang='lat' dir='ltr'><strong>ex</strong></span> <span class='ocrx_word' id='word_1_273' title='bbox 1429 1749 1554 1783; x_wconf 83' lang='lat' dir='ltr'><strong>ultima</strong></span> <span class='ocrx_word' id='word_1_274' title='bbox 1576 1750 1653 1796; x_wconf 80' lang='lat' dir='ltr'><strong>syl-</strong></span> 
     </span>
     <span class='ocr_line' id='line_1_54' title="bbox 999 1794 1653 1839; baseline 0.003 -11"><span class='ocrx_word' id='word_1_275' title='bbox 999 1794 1083 1828; x_wconf 85' lang='lat' dir='ltr'><strong>laba</strong></span> <span class='ocrx_word' id='word_1_276' title='bbox 1118 1794 1211 1828; x_wconf 61' lang='lat' dir='ltr'><strong>vocis</strong></span> <span class='ocrx_word' id='word_1_277' title='bbox 1245 1797 1343 1829; x_wconf 81' lang='lat' dir='ltr'><strong>vires.</strong></span> <span class='ocrx_word' id='word_1_278' title='bbox 1389 1795 1456 1829; x_wconf 83' lang='lat' dir='ltr'><strong>Sed</strong></span> <span class='ocrx_word' id='word_1_279' title='bbox 1488 1806 1653 1839; x_wconf 79' lang='lat' dir='ltr'><strong>reparare</strong></span> 
     </span>
     <span class='ocr_line' id='line_1_55' title="bbox 998 1840 1654 1886; baseline 0.005 -13"><span class='ocrx_word' id='word_1_280' title='bbox 998 1851 1062 1883; x_wconf 86' lang='lat' dir='ltr'><strong>pro</strong></span> <span class='ocrx_word' id='word_1_281' title='bbox 1085 1840 1234 1884; x_wconf 80' lang='lat' dir='ltr'><strong>simplici</strong></span> <span class='ocrx_word' id='word_1_282' title='bbox 1254 1853 1384 1886; x_wconf 81' lang='lat' dir='ltr'><strong>parare</strong></span> <span class='ocrx_word' id='word_1_283' title='bbox 1414 1840 1565 1885; x_wconf 64' lang='lat' dir='ltr'><strong>positum</strong></span> <span class='ocrx_word' id='word_1_284' title='bbox 1599 1842 1654 1875; x_wconf 82' lang='lat' dir='ltr'><strong>vi-</strong></span> 
     </span>
     <span class='ocr_line' id='line_1_56' title="bbox 998 1886 1652 1933; baseline 0.003 -14"><span class='ocrx_word' id='word_1_285' title='bbox 998 1887 1108 1920; x_wconf 86' lang='lat' dir='ltr'><strong>detur.</strong></span> <span class='ocrx_word' id='word_1_286' title='bbox 1137 1887 1265 1921; x_wconf 72' lang='lat' dir='ltr'><strong>hucan.</strong></span> <span class='ocrx_word' id='word_1_287' title='bbox 1297 1888 1323 1921; x_wconf 89' lang='lat'><strong>1.</strong></span> <span class='ocrx_word' id='word_1_288' title='bbox 1346 1888 1427 1923; x_wconf 71' lang='lat'><strong>134.</strong></span> <span class='ocrx_word' id='word_1_289' title='bbox 1453 1886 1524 1922; x_wconf 81' lang='lat' dir='ltr'><strong>Nec</strong></span> <span class='ocrx_word' id='word_1_290' title='bbox 1547 1899 1652 1933; x_wconf 81' lang='lat' dir='ltr'><strong>repa-</strong></span> 
     </span>
     <span class='ocr_line' id='line_1_57' title="bbox 996 1943 1328 1967; baseline 0.003 -1"><span class='ocrx_word' id='word_1_291' title='bbox 996 1943 1077 1966; x_wconf 82' lang='lat' dir='ltr'><strong>rare</strong></span> <span class='ocrx_word' id='word_1_292' title='bbox 1100 1944 1207 1966; x_wconf 77' lang='lat' dir='ltr'><strong>novas</strong></span> <span class='ocrx_word' id='word_1_293' title='bbox 1228 1944 1328 1967; x_wconf 76' lang='lat' dir='ltr'><strong>mres.</strong></span> 
     </span>
    </p>
   </div>
   <div class='ocr_carea' id='block_1_9' title="bbox 996 1990 1646 2071">
    <p class='ocr_par' dir='ltr' id='par_1_10' title="bbox 996 1990 1646 2071">
     <span class='ocr_line' id='line_1_58' title="bbox 1045 1990 1646 2035; baseline 0.005 -11"><span class='ocrx_word' id='word_1_294' title='bbox 1045 1992 1078 2032; x_wconf 85' lang='lat'><strong>§.</strong></span> <span class='ocrx_word' id='word_1_295' title='bbox 1110 1990 1144 2025; x_wconf 78' lang='lat'><strong>2.</strong></span> <span class='ocrx_word' id='word_1_296' title='bbox 1178 1991 1228 2024; x_wconf 85' lang='lat' dir='ltr'><strong>Ac</strong></span> <span class='ocrx_word' id='word_1_297' title='bbox 1260 2002 1332 2024; x_wconf 70' lang='lat' dir='ltr'><strong>rex.</strong></span> <span class='ocrx_word' id='word_1_298' title='bbox 1361 1990 1516 2035; x_wconf 81' lang='lat' dir='ltr'><strong>Exempl.</strong></span> <span class='ocrx_word' id='word_1_299' title='bbox 1546 1994 1646 2027; x_wconf 73' lang='lat' dir='ltr'><strong>vetu-</strong></span> 
     </span>
     <span class='ocr_line' id='line_1_59' title="bbox 996 2036 1452 2071; baseline 0 -1"><span class='ocrx_word' id='word_1_300' title='bbox 996 2036 1125 2071; x_wconf 81' lang='lat' dir='ltr'><strong>habet·</strong></span> <span class='ocrx_word' id='word_1_301' title='bbox 1151 2038 1199 2071; x_wconf 83' lang='lat' dir='ltr'><strong>At</strong></span> <span class='ocrx_word' id='word_1_302' title='bbox 1220 2047 1292 2070; x_wconf 74' lang='lat' dir='ltr'><strong>rex.</strong></span> <span class='ocrx_word' id='word_1_303' title='bbox 1317 2036 1452 2071; x_wconf 73' lang='lat' dir='ltr'><strong>Benna.</strong></span> 
     </span>
    </p>
   </div>
   <div class='ocr_carea' id='block_1_10' title="bbox 986 2094 1676 2821">
    <p class='ocr_par' dir='ltr' id='par_1_11' title="bbox 991 2094 1676 2542">
     <span class='ocr_line' id='line_1_60' title="bbox 1043 2094 1652 2140; baseline 0.005 -13"><span class='ocrx_word' id='word_1_304' title='bbox 1043 2104 1204 2128; x_wconf 78' lang='lat' dir='ltr'><strong>socerum.</strong></span> <span class='ocrx_word' id='word_1_305' title='bbox 1235 2094 1348 2128; x_wconf 79' lang='lat' dir='ltr'><strong>Immo</strong></span> <span class='ocrx_word' id='word_1_306' title='bbox 1386 2105 1573 2140; x_wconf 78' lang='lat' dir='ltr'><strong>generum,</strong></span> <span class='ocrx_word' id='word_1_307' title='bbox 1611 2098 1652 2130; x_wconf 87' lang='lat' dir='ltr'><strong>ut</strong></span> 
     </span>
     <span class='ocr_line' id='line_1_61' title="bbox 997 2139 1652 2186; baseline 0.005 -14"><span class='ocrx_word' id='word_1_308' title='bbox 997 2139 1104 2173; x_wconf 82' lang='lat' dir='ltr'><strong>Aldus</strong></span> <span class='ocrx_word' id='word_1_309' title='bbox 1128 2140 1243 2184; x_wconf 78' lang='lat' dir='ltr'><strong>Nepos</strong></span> <span class='ocrx_word' id='word_1_310' title='bbox 1265 2139 1395 2180; x_wconf 78' lang='lat' dir='ltr'><strong>scribit.</strong></span> <span class='ocrx_word' id='word_1_311' title='bbox 1421 2141 1568 2175; x_wconf 83' lang='lat' dir='ltr'><strong>historia</strong></span> <span class='ocrx_word' id='word_1_312' title='bbox 1588 2152 1652 2186; x_wconf 85' lang='lat' dir='ltr'><strong>po-</strong></span> 
     </span>
     <span class='ocr_line' id='line_1_62' title="bbox 995 2185 1676 2230; baseline 0.006 -12"><span class='ocrx_word' id='word_1_313' title='bbox 995 2186 1156 2222; x_wconf 70' lang='lat' dir='ltr'><strong>stillante.</strong></span> <span class='ocrx_word' id='word_1_314' title='bbox 1179 2187 1297 2230; x_wconf 82' lang='lat' dir='ltr'><strong>Neque</strong></span> <span class='ocrx_word' id='word_1_315' title='bbox 1320 2185 1412 2219; x_wconf 86' lang='lat' dir='ltr'><strong>enim</strong></span> <span class='ocrx_word' id='word_1_316' title='bbox 1433 2187 1651 2229; x_wconf 75' lang='lat' dir='ltr'><strong>crediderim,</strong></span> <span class='ocrx_word' id='word_1_317' title='bbox 1672 2208 1676 2212; x_wconf 65' lang='grc'><strong><em>»</em></strong></span> 
     </span>
     <span class='ocr_line' id='line_1_63' title="bbox 996 2232 1651 2277; baseline 0.006 -13"><span class='ocrx_word' id='word_1_318' title='bbox 996 2232 1166 2267; x_wconf 68' lang='lat' dir='ltr'><strong>Velle-ium</strong></span> <span class='ocrx_word' id='word_1_319' title='bbox 1194 2245 1287 2267; x_wconf 82' lang='lat' dir='ltr'><strong>socer</strong></span> <span class='ocrx_word' id='word_1_320' title='bbox 1309 2237 1343 2266; x_wconf 85' lang='lat' dir='ltr'><strong>et</strong></span> <span class='ocrx_word' id='word_1_321' title='bbox 1364 2244 1474 2277; x_wconf 81' lang='lat' dir='ltr'><strong>gener</strong></span> <span class='ocrx_word' id='word_1_322' title='bbox 1503 2233 1592 2267; x_wconf 74' lang='lat' dir='ltr'><strong>inter</strong></span> <span class='ocrx_word' id='word_1_323' title='bbox 1614 2245 1651 2268; x_wconf 74' lang='lat' dir='ltr'><strong>se</strong></span> 
     </span>
     <span class='ocr_line' id='line_1_64' title="bbox 995 2278 1650 2322; baseline 0.002 -11"><span class='ocrx_word' id='word_1_324' title='bbox 995 2283 1220 2322; x_wconf 69' lang='lat' dir='ltr'><strong>permutasse,</strong></span> <span class='ocrx_word' id='word_1_325' title='bbox 1242 2283 1281 2313; x_wconf 90' lang='lat' dir='ltr'><strong>ut</strong></span> <span class='ocrx_word' id='word_1_326' title='bbox 1305 2278 1501 2322; x_wconf 66' lang='lat' dir='ltr'><strong>Euripidem</strong></span> <span class='ocrx_word' id='word_1_327' title='bbox 1525 2284 1560 2314; x_wconf 87' lang='lat' dir='ltr'><strong>et</strong></span> <span class='ocrx_word' id='word_1_328' title='bbox 1583 2278 1650 2313; x_wconf 89' lang='lat' dir='ltr'><strong>So-</strong></span> 
     </span>
     <span class='ocr_line' id='line_1_65' title="bbox 994 2322 1650 2370; baseline 0.005 -12"><span class='ocrx_word' id='word_1_329' title='bbox 994 2325 1153 2368; x_wconf 85' lang='lat' dir='ltr'><strong>phoclem</strong></span> <span class='ocrx_word' id='word_1_330' title='bbox 1176 2325 1211 2359; x_wconf 86' lang='lat' dir='ltr'><strong>in</strong></span> <span class='ocrx_word' id='word_1_331' title='bbox 1234 2322 1415 2366; x_wconf 76' lang='grc' dir='ltr'><strong>πενθερὸς</strong></span> <span class='ocrx_word' id='word_1_332' title='bbox 1435 2330 1470 2358; x_wconf 88' lang='lat' dir='ltr'><strong>et</strong></span> <span class='ocrx_word' id='word_1_333' title='bbox 1486 2322 1650 2370; x_wconf 75' lang='grc' dir='ltr'>γαμβρός</span> 
     </span>
     <span class='ocr_line' id='line_1_66' title="bbox 994 2371 1646 2412; baseline 0.005 -9"><span class='ocrx_word' id='word_1_334' title='bbox 994 2371 1142 2412; x_wconf 74' lang='lat' dir='ltr'><strong>fecisse,</strong></span> <span class='ocrx_word' id='word_1_335' title='bbox 1189 2377 1309 2405; x_wconf 77' lang='lat' dir='ltr'><strong>arietor</strong></span> <span class='ocrx_word' id='word_1_336' title='bbox 1351 2376 1403 2404; x_wconf 86' lang='lat' dir='ltr'><strong>est</strong></span> <span class='ocrx_word' id='word_1_337' title='bbox 1445 2371 1572 2405; x_wconf 67' lang='lat' dir='ltr'><strong>Suiilus</strong></span> <span class='ocrx_word' id='word_1_338' title='bbox 1611 2383 1646 2406; x_wconf 84' lang='lat' dir='ltr'><strong>v.</strong></span> 
     </span>
     <span class='ocr_line' id='line_1_67' title="bbox 991 2415 1650 2460; baseline 0.002 -8"><span class='ocrx_word' id='word_1_339' title='bbox 991 2415 1167 2460; x_wconf 62' lang='lat' dir='ltr'><strong>Hwflspoi</strong></span> <span class='ocrx_word' id='word_1_340' title='bbox 1211 2415 1295 2451; x_wconf 85' lang='lat' dir='ltr'><strong>Vide</strong></span> <span class='ocrx_word' id='word_1_341' title='bbox 1318 2417 1650 2460; x_wconf 80' lang='lat' dir='ltr'><strong>praestantissimum</strong></span> 
     </span>
     <span class='ocr_line' id='line_1_68' title="bbox 991 2462 1649 2544; baseline 0.003 -48"><span class='ocrx_word' id='word_1_342' title='bbox 991 2462 1259 2544; x_wconf 46' lang='lat' dir='ltr'><strong>Vaiekenarium</strong></span> <span class='ocrx_word' id='word_1_343' title='bbox 1275 2464 1318 2498; x_wconf 86' lang='lat' dir='ltr'><strong>ad</strong></span> <span class='ocrx_word' id='word_1_344' title='bbox 1338 2463 1459 2508; x_wconf 85' lang='lat' dir='ltr'><strong>Eurip.</strong></span> <span class='ocrx_word' id='word_1_345' title='bbox 1472 2463 1649 2501; x_wconf 82' lang='lat' dir='ltr'><strong>Phoeniss.</strong></span> 
     </span>
    </p>

    <p class='ocr_par' dir='ltr' id='par_1_12' title="bbox 986 2554 1647 2820">
     <span class='ocr_line' id='line_1_69' title="bbox 1036 2554 1647 2600; baseline 0.003 -12"><span class='ocrx_word' id='word_1_346' title='bbox 1036 2555 1104 2589; x_wconf 74' lang='lat' dir='ltr'><strong>nisi</strong></span> <span class='ocrx_word' id='word_1_347' title='bbox 1144 2567 1224 2600; x_wconf 81' lang='lat' dir='ltr'><strong>qua.</strong></span> <span class='ocrx_word' id='word_1_348' title='bbox 1281 2556 1343 2590; x_wconf 68' lang='lat' dir='ltr'><strong>Eat</strong></span> <span class='ocrx_word' id='word_1_349' title='bbox 1382 2567 1403 2589; x_wconf 85' lang='lat' dir='ltr'><strong>e</strong></span> <span class='ocrx_word' id='word_1_350' title='bbox 1434 2554 1647 2591; x_wconf 82' lang='lat' dir='ltr'><strong>correctione</strong></span> 
     </span>
     <span class='ocr_line' id='line_1_70' title="bbox 992 2600 1643 2647; baseline 0.005 -14"><span class='ocrx_word' id='word_1_351' title='bbox 992 2600 1146 2634; x_wconf 83' lang='lat' dir='ltr'><strong>Gruteri.</strong></span> <span class='ocrx_word' id='word_1_352' title='bbox 1199 2602 1312 2636; x_wconf 79' lang='lat' dir='ltr'><strong>Editio</strong></span> <span class='ocrx_word' id='word_1_353' title='bbox 1351 2614 1403 2646; x_wconf 91' lang='lat' dir='ltr'><strong>pr.</strong></span> <span class='ocrx_word' id='word_1_354' title='bbox 1443 2604 1511 2636; x_wconf 66' lang='lat' dir='ltr'><strong>nisi</strong></span> <span class='ocrx_word' id='word_1_355' title='bbox 1551 2604 1643 2647; x_wconf 78' lang='lat' dir='ltr'><strong>quia.</strong></span> 
     </span>
     <span class='ocr_line' id='line_1_71' title="bbox 988 2646 1645 2696; baseline 0.005 -16"><span class='ocrx_word' id='word_1_356' title='bbox 988 2646 1111 2681; x_wconf 74' lang='lat'><strong>11.17.</strong></span> <span class='ocrx_word' id='word_1_357' title='bbox 1143 2648 1210 2681; x_wconf 78' lang='lat' dir='ltr'><strong>nisi</strong></span> <span class='ocrx_word' id='word_1_358' title='bbox 1243 2660 1311 2693; x_wconf 83' lang='lat' dir='ltr'><strong>qua</strong></span> <span class='ocrx_word' id='word_1_359' title='bbox 1337 2649 1466 2696; x_wconf 77' lang='lat' dir='ltr'><strong>Nolani</strong></span> <span class='ocrx_word' id='word_1_360' title='bbox 1488 2650 1568 2682; x_wconf 82' lang='lat' dir='ltr'><strong>belli</strong></span> <span class='ocrx_word' id='word_1_361' title='bbox 1589 2660 1645 2683; x_wconf 80' lang='lat' dir='ltr'><strong>re-</strong></span> 
     </span>
     <span class='ocr_line' id='line_1_72' title="bbox 989 2692 1644 2739; baseline 0.003 -13"><span class='ocrx_word' id='word_1_362' title='bbox 989 2693 1117 2737; x_wconf 82' lang='lat' dir='ltr'><strong>liquiae</strong></span> <span class='ocrx_word' id='word_1_363' title='bbox 1149 2699 1337 2728; x_wconf 78' lang='lat' dir='ltr'><strong>manerent.</strong></span> <span class='ocrx_word' id='word_1_364' title='bbox 1362 2692 1460 2728; x_wconf 78' lang='lat' dir='ltr'><strong>Vide</strong></span> <span class='ocrx_word' id='word_1_365' title='bbox 1492 2695 1644 2739; x_wconf 83' lang='lat' dir='ltr'><strong>Interpp.</strong></span> 
     </span>
     <span class='ocr_line' id='line_1_73' title="bbox 989 2739 1643 2786; baseline 0.005 -14"><span class='ocrx_word' id='word_1_366' title='bbox 989 2739 1034 2772; x_wconf 78' lang='lat' dir='ltr'><strong>ad</strong></span> <span class='ocrx_word' id='word_1_367' title='bbox 1070 2739 1162 2773; x_wconf 81' lang='lat' dir='ltr'><strong>h.1.</strong></span> <span class='ocrx_word' id='word_1_368' title='bbox 1197 2745 1232 2775; x_wconf 86' lang='lat' dir='ltr'><strong>et</strong></span> <span class='ocrx_word' id='word_1_369' title='bbox 1265 2740 1483 2786; x_wconf 79' lang='lat' dir='ltr'><strong>Oudendorp.</strong></span> <span class='ocrx_word' id='word_1_370' title='bbox 1507 2741 1553 2775; x_wconf 87' lang='lat' dir='ltr'><strong>ad</strong></span> <span class='ocrx_word' id='word_1_371' title='bbox 1574 2741 1643 2775; x_wconf 81' lang='lat' dir='ltr'><strong>Lu-</strong></span> 
     </span>
     <span class='ocr_line' id='line_1_74' title="bbox 986 2784 1204 2821; baseline -0.005 -2"><span class='ocrx_word' id='word_1_372' title='bbox 986 2795 1063 2821; x_wconf 77' lang='lat' dir='ltr'><strong>can.</strong></span> <span class='ocrx_word' id='word_1_373' title='bbox 1087 2786 1130 2820; x_wconf 82' lang='lat' dir='ltr'><strong>X.</strong></span> <span class='ocrx_word' id='word_1_374' title='bbox 1147 2784 1204 2819; x_wconf 74' lang='lat'><strong>84.</strong></span> 
     </span>
    </p>
   </div>
  </div>
 </body>
</html>
