1728 3054
518 190 1051 240 RRAEFA‘Tio
1378 194 1459 229 xxl

87 308 150 353 si·
169 308 268 366 quis
305 307 438 364 alins,
471 305 604 352 huius
634 307 702 352 rei
741 306 932 361 arbiter,
964 303 1035 353 M.
1059 304 1118 351 A.
1146 302 1354 349 Muretus
1395 305 1456 349 ad

87 377 233 422 Cicer.
258 375 391 420 Catil.
429 374 510 423 ῙΠ.
547 375 624 422 lo.
659 375 744 430 ait,
777 374 1023 419 historiam
1056 389 1091 419 α
1121 372 1295 418 Velleio
1333 378 1458 419 terse

86 445 300 505 inprimis
329 450 471 504 atque
495 445 754 504 eleganter
773 443 1067 503 eaplieatoem
1100 456 1213 487 esse.
1282 441 1354 486 Ne
1382 447 1455 486 ta-
1512 466 1515 471 ·

85 529 191 558 men
214 513 445 581 Velleium
480 512 737 575 simpliciter
777 518 822 557 et
860 511 953 556 sine
998 511 1263 570 exceptione
1295 509 1453 555 laude-

86 594 217 638 ιιιιιε,
250 563 369 634 ultro
410 574 630 660 fatemur,
662 578 853 640 perinde
888 579 1042 635 nobis,
1086 593 1141 623 ac
1177 579 1454 635 Bul-manno,

86 645 267 717 aliisque
293 649 464 704 multis,
508 648 637 693 nimis
652 647 993 718 frequentatum
1021 647 1164 692 videri
1194 648 1313 693 istud
1342 662 1454 693 acu-

83 721 247 764 tirum
269 717 614 775 faetimumque
658 709 967 764 sententiarum
1007 715 1272 774 aucupium,
1326 716 1453 774 quod

82 788 129 831 in
167 798 351 846 prosam
397 788 640 833 orationem
678 785 848 845 primus
886 785 1049 830 invexit
1091 785 1276 844 Trogus
1311 785 1454 829 Pom-

81 856 232 914 peiuS,
265 854 311 898 in
336 855 522 914 ligatam
546 853 747 899 Ovidius.
818 853 952 899 Certe
985 854 1103 912 plus
1115 852 1263 897 laudis
1290 854 1349 897 ab
1381 854 1453 898 in-

79 921 314 983 telligente
348 924 608 982 posteritate
648 923 838 979 tulisset,
899 922 934 966 si
979 921 1070 967 hac
1107 936 1290 980 quoque
1323 929 1452 981 parte

46 1045 50 1051 ι
79 991 269 1042 imitatus
306 997 421 1036 esset
462 992 721 1037 Sallustium
763 1006 903 1036 suum.
980 991 1118 1035 Hunc
1154 991 1271 1035 enim
1311 1006 1452 1035 unum

79 1060 164 1104 sibi
193 1060 436 1103 imitatione
463 1060 770 1120 effingendam
804 1060 981 1114 sumsit,
1014 1060 1074 1104 ab
1100 1058 1197 1105 hoc
1223 1059 1340 1102 illud
1377 1075 1452 1103 ar-

78 1128 265 1173 tificium
290 1127 452 1172 indolis
489 1128 711 1173 humanae
741 1127 1061 1173 describendae
1098 1127 1281 1184 didicit,
1314 1126 1448 1172 huius

81 1197 375 1246 aemulatione
408 1196 570 1242 efficax
602 1203 667 1241 ost
697 1203 741 1242 et
763 1197 982 1242 brevitate
1003 1211 1235 1254 nervosmS,
1270 1197 1330 1241 ab
1357 1197 1452 1243 hoc

80 1265 274 1323 denique
313 1272 435 1309 totus
485 1266 544 1309 ita
585 1265 754 1325 pendet
808 1279 912 1310 cum
955 1266 1000 1309 in
1046 1265 1214 1321 verbis,
1265 1270 1363 1310 tum
1406 1266 1452 1309 in

80 1333 288 1378 orationis
341 1339 579 1389 structura,
642 1340 691 1379 ut
744 1349 1025 1395 magnopere
1077 1333 1330 1378 mirandum
1381 1334 1450 1391 sit,

79 1417 174 1446 rem
213 1408 306 1446 tam
350 1403 625 1448 manifestam
666 1403 783 1447 viros
819 1403 1015 1449 eruditos
1052 1403 1277 1447 fefellisse.
1348 1402 1454 1463 Hac

78 1470 321 1514 imitatione
362 1472 500 1515 semel
542 1470 872 1527 animadversa,
928 1487 1021 1530 quo
1065 1471 1211 1515 studio
1266 1485 1348 1514 nos
1388 1471 1451 1515 ad

81 1539 325 1594 Velleium‚
369 1539 531 1585 eodem
577 1539 635 1583 ad
676 1540 933 1584 Sallustium
966 1539 1332 1600 cognoscendum
1366 1539 1451 1583 ‹le-
1542 1536 1549 1539 ’

81 1606 239 1651 dimus.
306 1608 378 1652 Ac
410 1607 643 1666 profecto,
689 1609 724 1652 si
764 1608 884 1652 forte
918 1608 1013 1652 aliis
1048 1608 1224 1653 felicius
1256 1608 1303 1652 in
1335 1608 1450 1652 Vel—

80 1676 170 1719 leio
214 1675 483 1735 corrigendo
537 1678 697 1721 versati
740 1670 967 1721 ridemur:
1019 1691 1277 1734 quanquam
1321 1677 1450 1720 nobis

80 1759 169 1788 non
199 1749 368 1788 tantum
401 1744 634 1803 sumimus,
675 1751 725 1789 ut
763 1744 908 1805 Lipsii
949 1745 1207 1790 felicitatem
1251 1760 1334 1789 nos
1379 1760 1464 1789 as·-

81 1818 254 1857 secutos
286 1819 513 1872 putemus:
555 1819 843 1858 veruntamen
888 1814 924 1859 si
966 1814 1169 1858 Velleius
1213 1827 1322 1859 cura
1364 1828 1451 1857 no-

81 1888 169 1924 stra
201 1879 453 1942 castigatior
486 1880 662 1941 prodit,
719 1881 835 1927 illud
880 1897 972 1927 non
1012 1888 1106 1927 tam
1149 1883 1451 1941 qualicunque

78 1949 257 2008 ingenio
298 1956 448 1994 nostro
492 1950 776 1996 tribuendum
820 1957 911 2006 est,
955 1966 1092 2009 quam
1136 1967 1336 1995 summae
1377 1951 1451 1995 fa·

79 2018 315 2061 miliaritati
367 2032 471 2063 cum
525 2019 735 2064 Sallustio
793 2026 1072 2078 contractae,
1116 2026 1161 2065 et
1202 2026 1450 2080 perpetuae

78 2086 305 2144 utriusque
337 2088 561 2147 scriptoris
595 2088 930 2147 comparationi.
993 2089 1084 2133 Hic
1118 2088 1450 2201 wae-

78 2161 169 2209 rat,
208 2154 317 2213 quid
359 2156 436 2212 sit,
484 2171 623 2214 quare
671 2163 718 2200 et
755 2156 957 2201 Velleius
991 2163 1036 2201 et
1070 2163 1168 2203 cete
1359 2173 1451 2201 na-

78 2237 177 2266 rum
220 2223 480 2282 scriptores,
525 2224 703 2269 deserto
746 2225 1106 2284 eloquentissimo
1150 2226 1308 2282 Livio,
1355 2241 1452 2270 sese

78 2292 278 2335 certatim
311 2291 372 2336 ad
405 2292 662 2338 Sallustium
695 2294 958 2338 imitandum
1000 2294 1303 2340 contulerint?
1346 2294 1453 2339 Sal-

78 2359 288 2403 lustianus
337 2361 446 2416 fuit,
503 2368 614 2406 teste
667 2362 842 2408 Seneca
894 2364 983 2423 Ep.
1031 2362 1147 2407 114.
1201 2363 1452 2418 Arruntius,

77 2427 186 2472 belli
219 2429 373 2474 Punici
417 2430 627 2489 scriptor,
678 2431 755 2488 qui
798 2431 970 2476 dudum
1003 2432 1171 2491 periit:
1214 2432 1453 2477 Sallustia-

78 2496 148 2550 ni,
198 2497 276 2554 qui
317 2505 577 2556 supersunt,
630 2499 839 2555 Tacitus,
892 2500 1161 2561 Septimius,
1221 2500 1451 2559 Sulpicius

23 2585 26 2590 <
79 2563 296 2621 Severus,
361 2567 541 2611 Pseudo
570 2592 594 2601 -
623 2567 927 2630 HegesippuS.
1015 2569 1194 2628 Nempe
1261 2569 1322 2614 ab
1378 2568 1452 2614 his
