1728 3054
277 180 455 219 CXXVIII
583 175 866 220 NOTITIA
910 177 1333 225 LITTERARIA

419 287 635 336 exhibent;
663 290 706 328 at
730 287 773 328 in
802 290 1208 334 animadversionibus
1235 298 1329 347 post
1356 293 1554 337 editorem
1582 296 1657 337 Ba-

419 346 634 385 sileensem
674 345 765 386 fere
803 346 1000 399 plurima,
1046 353 1090 389 et
1131 351 1294 402 quidem
1331 351 1656 405 desperatissima

418 402 529 449 loca,
556 402 664 441 varia
692 414 770 455 ope
799 407 842 443 et
869 409 983 456 arte,
1011 406 1114 446 mira
1134 407 1332 448 felicitate
1353 410 1516 462 sanavit.
1543 411 1657 451 Emi-

417 462 488 498 net
523 458 685 510 Lipsius
726 459 835 500 inter
870 461 1050 515 reliquos
1086 462 1237 505 Velleii
1275 463 1555 506 emendatores
1596 467 1656 507 la-

418 527 543 554 cunas
570 515 620 554 ab
648 516 737 568 ipso
764 517 936 570 primum
966 520 1196 561 observatas
1223 522 1329 562 bene
1357 523 1579 576 explendo,
1611 527 1655 564 et
1725 559 1728 562 .

417 571 608 623 scriptori
646 573 797 625 passim
835 587 1003 616 acumen
1031 589 1145 616 suum
1175 578 1398 619 reddendo.
1455 579 1654 620 Plurimas

420 628 722 669 emendationes
754 643 804 671 ex
840 644 976 672 rerum
1011 633 1202 687 historia,
1238 648 1263 676 a
1301 635 1480 688 vestigiis
1517 641 1655 678 tamen

417 684 569 724 codicis
616 685 724 725 haud
760 689 978 740 recedens,
1025 690 1183 740 hausit3
1229 705 1370 732 omnes
1417 693 1654 734 eruditionis

416 754 514 781 suae
541 743 658 795 copia
685 743 847 784 firmare
885 750 1050 786 conatus
1080 752 1157 787 est.
1221 748 1336 789 Idem
1372 754 1466 803 post
1501 750 1653 791 Aldum

415 810 672 839 numerorum
708 802 946 854 corruptelis
977 805 1164 844 sanandis
1201 804 1350 846 iterum
1385 819 1551 859 operam
1580 803 1664 847 de?

416 855 489 896 dit.
547 854 828 911 Rapkelengii
854 863 1013 909 autem,
1043 861 1121 912 qui·
1137 862 1294 915 priores
1324 863 1417 903 edd.
1445 863 1557 903 haud
1584 877 1652 904 ac-

416 915 556 952 curate
584 913 780 966 inspexit,
820 914 924 955 fides
963 920 1006 956 et
1033 917 1211 958 sollertia
1238 931 1379 972 parum
1407 919 1537 961 laudis
1564 933 1652 962 me-

415 973 553 1020 retur,
591 971 639 1009 ab
668 971 836 1023 ipsoque
863 972 1097 1014 Paterculus
1124 987 1267 1027 parum
1295 976 1483 1027 profecit.

275 1027 388 1068 1594
416 1026 461 1066 C.
500 1025 682 1066 Velleius
717 1027 973 1077 Paterculus,
1010 1043 1102 1070 cum
1138 1031 1232 1072 Aldi
1265 1031 1441 1072 Manutii
1468 1032 1648 1086 scholiis,

413 1082 516 1133 Iusti
550 1083 676 1135 Lipsii
713 1085 1141 1136 animadversionibus,
1179 1088 1257 1129 lac.
1301 1089 1492 1140 Schegkii
1527 1091 1648 1140 notis,

414 1137 530 1179 Vinc.
553 1138 659 1196 (sic)
690 1142 863 1182 Acidalii
887 1144 1006 1184 variis
1032 1144 1284 1186 lectionibus.
1303 1144 1517 1200 Lugduni.
1538 1150 1648 1189 8.-

413 1195 531 1236 Conf.
559 1209 625 1236 an.
655 1200 778 1240 16⁰2.
898 1242 901 1245 ,

494 1252 593 1293 Post
620 1252 802 1307 Lipsium
829 1253 947 1295 Falv.
985 1254 1162 1298 Ursinus
1199 1257 1254 1298 de
1281 1257 1497 1300 Paterculo
1524 1259 1648 1301 meri-

412 1312 479 1349 tus
508 1314 592 1358 est,
628 1323 709 1350 non
749 1311 912 1364 quidem
951 1313 1132 1365 edendo,
1167 1315 1242 1356 sed
1279 1316 1428 1357 notulis
1456 1329 1550 1357 eum
1580 1330 1648 1358 ca-

408 1366 616 1417 stigando,
647 1379 745 1418 quas

271 1424 382 1466 1595
411 1422 679 1476 Fragmentis
711 1422 1022 1466 Historicorum
1047 1426 1169 1467 Rom.
1199 1425 1485 1482 Antwerpfae.
1521 1432 1567 1475 8.,
1602 1428 1645 1471 in

409 1479 614 1521 Velleium
643 1480 836 1533 aliosque
854 1479 1075 1523 >historicos
1103 1483 1303 1532 subiecit3
1341 1495 1509 1537 quarum
1545 1499 1645 1527 non-

408 1536 538 1576 nullas
578 1537 657 1576 iam
693 1538 735 1577 in
771 1551 896 1590 opere
924 1538 979 1580 de
1017 1539 1214 1580 Familiis
1242 1540 1363 1582 Rom.
1395 1544 1518 1585 1577.
1552 1556 1644 1596 pro-

407 1598 610 1647 posuerat.
654 1593 698 1633 In
725 1595 950 1635 nominibus
977 1597 1171 1649 propriis,
1201 1611 1367 1650 quorum
1396 1598 1522 1639 multa
1549 1612 1644 1652 pro-

409 1651 566 1701 digiose
592 1657 781 1704 corrupta
809 1653 942 1692 editor
971 1654 1223 1704 Basileensis‚
1252 1655 1397 1695 Aldus·
1413 1659 1456 1696 et
1482 1656 1643 1708 Lipsius

332 1706 336 1709 ’
407 1707 674 1758 reliquerant,
717 1709 978 1750 restituendis
1013 1712 1229 1763 praecipue
1255 1711 1432 1752 feliciter
1459 1717 1642 1754 versatus

407 1768 491 1811 est,
531 1764 681 1816 quippe
710 1765 779 1816 qui
806 1771 986 1806 veterum
1014 1768 1220 1807 titulorum
1251 1773 1293 1808 et
1324 1781 1536 1809 numerum
1563 1781 1642 1810 usu
1680 1804 1682 1806 .

407 1820 648 1859 exercitatus
679 1825 766 1860 erat
794 1826 914 1873 atque
943 1823 1116 1864 adiutus.
1172 1823 1344 1876 Reliqua
1370 1838 1493 1877 parca
1519 1838 1641 1867 manu

407 1880 450 1916 et
477 1877 649 1928 sparsim
677 1882 830 1916 tantum
860 1880 1040 1920 tentavit.

264 1933 375 1975 1596
403 1933 449 1972 C.
478 1933 658 1974 Velleius
687 1933 933 1975 Paterculus.
963 1936 1061 1977 lust.
1088 1935 1248 1988 Lipsius
1276 1937 1491 1978 recensuit.
1508 1938 1639 1992 Apud

401 1989 458 2030 H.
499 1989 808 2031 Commelinum.
849 1995 917 2034 24.
953 1993 1041 2034 sine
1079 1994 1196 2035 notis.
1228 1995 1294 2036 cf.
1337 2007 1446 2048 supr.
1485 1996 1536 2035 ad
1574 2009 1636 2036 an.

402 2050 526 2092 1591.

154 2146 156 2148 ,
238 2095 374 2148 '16⁰⁰
400 2105 672 2159 Antverpz‘ae.
706 2107 748 2147 4.
787 2118 843 2146 ex·
888 2106 1059 2161 officina
1092 2107 1392 2160 Flaminiana,
1428 2108 1542 2163 apud
1574 2108 1636 2151 Io.

401 2161 628 2203 Moretum.
675 2161 774 2203 Post
812 2161 1017 2213 Tacitum,
1069 2178 1094 2206 a
1135 2165 1173 2207 Ι.
1204 2165 1349 2221 Lipaeio
1385 2172 1636 2220 postremum

399 2219 656 2260 recensitum.

260 2277 371 2319 1602
401 2276 703 2328 Francosurti‚
737 2289 791 2316 es:
827 2277 938 2330 offic.
965 2274 1175 2318 Palchoni.
1207 2281 1275 2322 12.
1304 2291 1422 2330 quam
1454 2292 1528 2332 pro
1558 2277 1634 2320 ite-

399 2338 488 2373 rata
515 2333 775 2385 Lugdunensi
803 2332 957 2372 Gallica
988 2346 1050 2372 an.
1070 2336 1191 2377 1594.
1219 2335 1343 2375 habet
1371 2336 1633 2377 Burmannus.

402 2390 580 2430 Textum
611 2389 778 2429 exhibet
800 2390 990 2430 Aldinum
1018 2403 1109 2431 cum
1130 2392 1477 2445 depravationibus
1506 2393 1634 2433 omni-

398 2447 474 2487 bus
503 2450 546 2486 et
581 2458 793 2498 operarum
822 2447 940 2486 vitiis.

256 2505 371 2546 16⁰7
398 2503 604 2551 Velleius,
634 2515 725 2542 eum
754 2503 859 2542 notis
888 2502 1045 2556 Lipsii,
1083 2504 1241 2546 additus
1269 2505 1427 2547 Tacito.
1451 2505 1633 2546 Antver-

392 2562 518 2615 piae,
548 2558 660 2612 apud
689 2558 1003 2599 Io.'Moretum.
1036 2560 1110 2600 fol.

255 2637 369 2650 -—
395 2618 586 2659 Aldinum
614 2619 782 2667 textum,
812 2629 931 2668 quem
953 2616 1079 2671 Lipsii
1107 2618 1305 2660 editiones
1333 2622 1630 2669 revocaverant,

399 2673 580 2713 deseruit
603 2673 750 2713 iterum
768 2673 897 2713 Ianus
920 2673 1149 2723 Gruterum
1181 2677 1397 2729 Synna-gii,
1415 2676 1630 2728 -Sehegkilss

395 2730 647 2783 Acidaliique
674 2729 924 2784 exemplum,
961 2743 1043 2773 nou
1079 2735 1213 2775 tamen
1246 2746 1321 2788 per
1348 2733 1482 2776 omnia
1508 2745 1630 2776 secu-
