1728 3054
209 183 297 224 226
515 177 562 220 C.
591 175 877 219 VELLEH
914 176 1309 219 PATERCULI

213 308 361 352 coque
393 290 573 336 Vinicio
618 306 704 336 avo
746 297 826 336 tuo
868 290 992 338 Coss,
1036 306 1253 351 magnum
1295 298 1510 351 atroxque
1544 291 1599 338 'et

213 376 437 424 perquam
475 361 670 406 vicinum
717 361 980 405 imminebat
1019 360 1199 414 ltaliae,
1245 376 1330 420 per
1370 363 1598 406 Neronem

173 440 203 479 3
217 438 394 492 gestum
418 436 496 474 est.
532 430 702 474 Gentes
720 431 1069 489 Pannoniorum,
1092 430 1492 489 Delmatarumque
1515 445 1598 475 na—·

213 502 380 557 tiones,
428 500 651 558 situmque
684 500 924 559 regionum
959 515 1013 546 ac
1042 499 1301 554 fluminum,
1335 515 1597 544 numerum-

213 585 304 628 que
354 574 398 614 et
433 569 624 613 modum
671 570 856 624 virium,
903 568 1310 626 excelsissimasque
1348 576 1394 614 et
1442 570 1598 612 multi·L

213 639 357 700 plices
396 654 451 682 eo
489 639 615 682 bello
655 632 860 683 victorias
899 639 1008 682 tanti
1048 639 1354 697 imperatoris,
1400 638 1490 682 alio
1525 639 1599 681 lo-

214 723 271 753 co
312 709 647 767 explicabimus.
730 708 838 753 Hoc
879 722 994 766 opus
1034 715 1181 751 servet
1225 708 1419 751 formam
1459 723 1597 752 suam.

215 777 374 822 Huius·
398 777 612 822 victoriae
646 792 837 837 compos
868 778 1014 832 Nero,
1053 781 1189 821 ovans
1218 777 1526 835 triumphavit.

352 846 490 892 CAP.
527 846 715 891 XCVII.
762 846 855 890 Sed
896 846 1005 890 dum
1042 847 1089 889 in
1129 846 1218 891 hac
1255 854 1385 905 parte
1421 845 1599 905 imperii

214 916 365 960 omnia
402 922 620 976 geruntur
662 915 993 975 prosperrime,
1028 922 1217 973 accepta
1259 917 1307 959 in
1355 915 1598 959 Germania

213 985 369 1031 clades
402 986 485 1029 sub
523 986 677 1045 legato
715 985 995 1040 M.'Lollio,
1036 983 1300 1028 homine‘in
1331 986 1480 1028 omnia
1512 999 1598 1043 pe-

213 1055 385 1110 cuniae,
422 1070 558 1112 quam
593 1060 718 1100 recte
752 1054 949 1099 faciendi
979 1054 1228 1113 cupidiore,
1266 1060 1310 1097 et
1335 1054 1449 1098 inter
1476 1069 1598 1097 sum-

211 1124 580 1168 mam'vitior‘um
626 1123 1024 1167 dissimulationem
1069 1123 1369 1174 vitiosissim03
1414 1123 1599 1166 amissa-

212 1196 303 1251 que
336 1193 527 1253 legionis
560 1193 740 1251 quintae
775 1193 925 1250 aquila
959 1192 1137 1237 vocavit
1171 1193 1230 1236 ab
1264 1191 1376 1236 urbe
1407 1193 1452 1235 in
1482 1191 1598 1235 Gal-

168 1263 294 1306 2lias
332 1261 587 1307 Caesarem.
659 1261 782 1306 Cura
817 1261 981 1306 deinde
1023 1268 1158 1319 atque
1192 1264 1303 1306 on‘us
1340 1260 1598 1305 Germanici

209 1331 321 1377 belli
355 1331 587 1398 delegata
605 1330 771 1374 Druso
793 1330 1015 1384 Claudio,
1060 1330 1188 1374 fratri
1220 1328 1433 1386 Neronis,
1481 1330 1598 1373 ado-

208 1401 394 1448 lescenti
427 1406 496 1444 tot
530 1404 844 1457 tantarumque
886 1400 1122 1454 virtutum,
1168 1404 1280 1457 quot
1323 1405 1368 1442 et
1411 1405 1598 1458 quantas

208 1476 368 1514 natura
402 1469 604 1515 mortalis
637 1469 826 1527 recipit,
870 1469 946 1512 vel
980 1467 1197 1512 industria
1231 1467 1436 1527 perficit3
1476 1467 1600 1513 cuius

207 1539 440 1602 ingenium
473 1544 624 1583 utrum
658 1538 833 1584 bellicis
867 1539 1014 1599 magis
1059 1538 1302 1598 operibus,
1352 1553 1410 1581 an
1454 1537 1598 1583 civili-b

206 1693 298 1729 ludit
328 1693 528 1736 Gruterus,
573 1693 704 1728 merito
748 1693 875 1739 probat
941 1691 1140 1739 pag.155.
1176 1691 1237 1738 qui
1269 1691 1377 1727 Lollii
1414 1703 1483 1726 non
1524 1691 1599 1726 cla-

208 1741 360 1775 Casani).
385 1741 430 1775 ad
454 1719 596 1774 Sue⁹ton.
622 1742 715 1786 Aug.
739 1741 806 1776 21.
941 1740 1041 1784 dem,
1081 1740 1139 1774 sed
1170 1740 1356 1774 victoriam
1389 1738 1424 1772 in
1450 1738 1599 1773 Germa-

214 1812 289 1853 5
314 1810 349 1845 ὃ
383 1810 710 1855 Dalmatarumque
745 1812 874 1845 Exem-
940 1786 1021 1829 nia,
1077 1791 1358 1820 commemoret:
1408 1787 1600 1820 Germanos

208 1903 542 1947 ,W
690 1858 875 1895 vamta—
941 1832 1597 1867 Μ

941 1925 1035 1959 obse
1039 1930 1220 1969 quentem‚
1258 1925 1351 1958 idem
1383 1930 1596 1966 narrantem,

255 1982 363 2005 ovans
377 1971 618 2015 triumphavit.
641 1970 789 2006 Ponitur
806 1982 871 2016 pro
938 1982 1015 2016 cap.
1063 1971 1141 2005 131.
1191 1971 1330 2004 Insidiis
1360 1971 1596 2004 Romanorum

129 2051 138 2060 ,
207 2017 360 2062 simplici
395 2019 534 2060 ουαυίΐ,
568 2021 608 2051 ut
640 2017 684 2052 Π.
709 2017 788 2052 122:
816 2018 869 2055 cl.

940 2018 1110 2051 Germani
1142 2018 1383 2058 circumventi,
1434 2018 1495 2051 sub
1543 2017 1593 2049 M.

207 2063 431 2109 Oudendorp,
463 2065 508 2098 ad
545 2063 690 2098 Sueton-
722 2064 806 2098 Tib.
830 2065 865 2099 9.

205 2110 379 2145 Velleium
422 2121 486 2154 per
514 2108 651 2144 Tiberii
691 2110 868 2144 adulatio-

205 2168 286 2191 nem
312 2156 363 2191 εἷο
386 2156 543 2190 locutum
574 2155 762 2190 existimat.
795 2157 866 2192 Sed

204 2215 275 2237 non
306 2202 534 2244 meminerat,
567 2205 771 2248 Augu-tum
802 2214 866 2238 ea·-

206 2250 287 2283 dem
318 2249 482 2294 loquendi
512 2250 628 2283 forma
659 2261 760 2283 usum
789 2261 865 2285 esse

205 2296 241 2330 in
266 2296 415 2330 Monim.
439 2297 569 2340 Ancyr.
595 2306 679 2341 pag.
703 2296 782 2330 172.
803 2296 866 2331 ubi

203 2343 332 2377 nullus
343 2342 536 2376 adulationi
559 2342 656 2375 locus
679 2347 778 2376 erati
798 2344 864 2378 'Bis

203 2401 312 2423 ovans
341 2389 579 2433 triumphavi,
611 2394 682 2422 tres
716 2390 777 2434 egi
804 2402 865 2423 eu-

202 2437 296 2469 rules
316 2436 519 2479 triumphos.
558 2436 782 2480 Triumphus
790 2447 863 2482 pro

936 2064 1047 2098 Lollio
1089 2066 1208 2109 legato
1256 2065 1425 2108 graviter.
1465 2063 1594 2096 vexati.

933 2111 1124 2145 Enimvero
1147 2110 1359 2152 Eusebium,
1391 2113 1484 2143 recte
1506 2108 1596 2142 iudi

933 2161 991 2191 cat
1013 2159 1080 2191 Ios.
1104 2157 1284 2205 Scaliger,
1317 2156 1353 2190 in
1377 2151 1552 2200 tempore
1558 2157 1595 2190 et

932 2203 1082 2238 historia
1127 2214 1287 2248 peccare.
1336 2203 1594 2246 Obsequentem

934 2261 1020 2284 vero
1061 2250 1113 2284 sic
1162 2249 1324 2283 emendat
1362 2248 1500 2292 Lipsius
1547 2247 1595 2283 ad

936 2296 1052 2331 Tacit.
1079 2298 1164 2331 Ann.
1192 2297 1220 2331 1.
1254 2295 1310 2329 10
1336 2295 1476 2328 Insidiis
1505 2294 1593 2327 Ger—

932 2354 1115 2378 manorum
1157 2342 1308 2376 Romani
1357 2340 1593 2375 circumventi.

930 2389 1004 2423 Nee
1042 2390 1087 2423 ab
1119 2399 1160 2422 en.
1192 2387 1361 2422 sententia
1393 2399 1456 2421 nos
1487 2395 1595 2420 revo-

931 2439 1011 2470 cant
1034 2435 1207 2478 rationes,
1242 2444 1330 2480 quas
1353 2433 1471 2468 attulit
1495 2433 1595 2467 Mas-

1723 2409 1728 2413 .
1713 2300 1728 2396 exn-&1¹³³
1708 2222 1710 2226 .
1704 2182 1710 2194 L

201 2483 363 2516 ovatione
386 2487 438 2516 est
461 2482 504 2516 11.
527 2480 656 2516 97.99

249 2549 348 2584 cAP.
380 2549 519 2584 XCVII
564 2552 595 2594 §
628 2550 660 2584 1.
699 2551 752 2588 Μ.
781 2551 862 2586 Lol-

202 2595 259 2630 tio.
285 2596 377 2631 Edit.
401 2608 454 2641 pr.
480 2596 528 2630 M.
545 2596 664 2638 Lolio,
691 2598 859 2643 ut'MSS.

199 2642 343 2687 quidam
368 2643 403 2676 in
426 2642 569 2678 Sueton.
599 2640 775 2688 Aug.·²23.
798 2642 868 2679 ubi·

200 2689 428 2723 casaubonus
459 2693 596 2731 monet,
639 2701 751 2726 unum
785 2703 862 2726 ense

198 2732 391 2772 Eusebium
422 2735 460 2771 in
491 2735 668 2771 Chronico
699 2749 735 2772 n.
766 2734 859 2773 ΜΜ.

930 2493 1034 2517 sonus
1059 2482 1139 2516 vita
1160 2482 1287 2517 Horat.
1311 2491 1395 2526 pag
1418 2479 1500 2514 319.

974 2554 1007 2594 §.
1043 2550 1077 2584 2.
1120 2551 1176 2585 vel
1217 2550 1391 2584 indmtrhz
1436 2548 1586 2593 perficit.

927 2597 1035 2632 Haec·
1060 2597 1163 2639 certi
1152 2597 1256 2631 sima
1282 2596 1393 2640 Lipsii
1424 2595 1590 2629 emenda-

928 2644 978 2678 tio
1010 2647 1071 2677 est.
1103 2636 1195 2679 Edit.
1227 2654 1283 2689 pr.
1318 2643 1374 2679 vel
1413 2641 1591 2676 industria

925 2691 1084 2736 percipit.
1139 2690 1227 2725 Vide
1266 2699 1358 2735 quae
1387 2688 1593 2725 natavimus

927 2736 1111 2773 sauz.
1144 2736 1180 2772 2.
