1728 3054
468 210 772 255 ANNALES
810 206 1174 254 vlam-num
1229 225 1234 228 ⁴
1397 212 1478 249 le

21 325 25 327 “
108 323 257 378 galium
284 327 407 378 atque
434 326 791 378 praetorianorum.
848 325 913 366 Eo
944 321 1043 363 sane
1068 322 1193 371 facit,
1228 321 1337 375 quod
1376 321 1480 363 duos

107 382 180 422 ille
204 383 412 422 dumtaxat
437 388 622 422 numeret
650 395 746 422 suos
771 383 813 421 in
843 379 970 435 priori
998 380 1205 420 tribunatu
1231 380 1382 427 duces,
1410 391 1482 432 pa-

108 443 214 478 trem
238 437 388 478 Vinicii
422 439 488 478 vel
510 436 698 492 patruum
711 469 721 487 ‚
759 442 803 478 et
830 437 878 478 P.
910 435 1076 484 Silium,
1112 436 1313 486 singulos,
1348 440 1395 476 ut
1423 432 1501 474 vis

109 495 251 544 detur,
304 507 467 535 annuos.
500 495 656 534 ‘Certe
694 494 864 534 biennes
902 505 996 533 esse
1038 494 1105 532 vix
1143 497 1343 545 poterant.
1409 492 1481 532 Sic

111 551 219 591 enim
253 550 366 591 illum
396 551 622 591 tenuissent
652 551 714 590 ‘ad
750 562 897 590 annum
934 562 1065 600 usque
1094 553 1193 591 756.
1234 562 1312 590 nec
1346 549 1482 588 locum

111 607 236 647 ullum
273 608 471 660 reliquum
511 607 711 647 fecissent
749 597 968 646 tribubatui
1013 611 1237 646 castrorum
1280 605 1482 658 explendo

111 668 207 703 aute
236 676 383 704 aunum
408 666 506 706 75⁷.
544 675 624 715 11111)
652 662 859 703 Tiberium
889 661 1071 703 Velleius
1098 663 1311 703 comitatus
1348 667 1412 702 est
1439 663 1483 703 in

112 720 379 760 Germaniam.
435 719 518 760 Sed
555 720 591 759 si
630 732 781 760 annuos
809 719 902 759 illos
929 730 1222 770 suffonamus,
1260 720 1320 758 sic
1349 719 1484 758 omnia

110 776 209 816 satis
249 779 436 816 accurate
471 777 782 829 respondebunt.
837 776 907 817 Sic
944 775 1052 814 enim
1091 776 1143 815 ab
1171 788 1276 815 anno
1303 779 1401 818 752.
1429 775 1486 815 ad

109 835 207 876 '158-
241 834 316 873 sub
344 837 461 884 patre
492 832 641 874 Vinicii
668 834 862 874 meruerit
890 831 1097 873 Velleius:
1136 832 1187 872 ab
1216 845 1320 871 anno
1348 838 1485 872 autem

109 891 208 932 ¹153.
236 889 288 928 ad
314 892 412 933 754.
432 890 516 930 'sub
544 889 588 931 P.
617 890 732 931 Silio.
789 890 858 930 Sic
885 889 1048 942 quidem
1076 888 1173 938 ille,
1210 894 1256 928 ut
1285 889 1485 929 secundus

112 946 200 986 eius
227 947 303 985 sub
330 946 430 986 Silio
457 960 584 987 annus
624 952 742 987 antea
775 946 981 1000 coeperit,
1016 958 1136 998 quam
1171 943 1294 984 Caius
1337 945 1486 985 Caesar

111 1015 204 1042 cum
229 1002 378 1042 Partho
405 1004 732 1056 congrederetur.
788 1004 876 1043 Nec
905 1003 1013 1042 enim
1050 1016 1074 1042 a
1114 1002 1318 1041 Kalendis*
1345 1002 1486 1041 lanua-

113 1059 184 1099 riis
211 1059 305 1098 iniri
331 1059 514 1100 solebant
549 1072 715 1100 munera
753 1060 1032 1112 provincialia3
1070 1059 1145 1099 sed
1172 1072 1269 1099 vere
1305 1059 1486 1108 ineunte,

113 1120 158 1156 et
183 1115 284 1156 mari
320 1115 448 1156 libero
477 1117 621 1157 itinera
657 1117 895 1169 plerumque
924 1117 1246 1169 auspicabantur.
1303 1115 1485 1168 Tempus

112 1183 233 1221 vero,
266 1185 346 1224 quo
374 1185 540 1213 munere
569 1173 737 1225 defungi
765 1173 999 1226 oportebat,
1036 1186 1112 1212 nec
1150 1185 1175 1212 a
1211 1172 1488 1224 designatione

113 1230 382 1280 supputabant
396 1258 409 1278 ,
448 1235 491 1270 et
519 1243 571 1270 ne
597 1231 759 1283 quidem
796 1231 848 1269 ab
874 1230 1031 1269 itineris
1058 1230 1196 1278 initio3
1233 1229 1308 1269 sed
1342 1229 1393 1268 ab
1434 1232 1504 1268 eo‘

32 1318 39 1319 ff
113 1297 243 1336 usque
270 1290 472 1338 tempore,
500 1287 623 1326 immo
652 1286 731 1336 die,
764 1299 843 1337 quo
870 1287 912 1326 in
941 1287 1185 1339 provinciam
1213 1285 1487 1338 appellebant,

113 1345 223 1382 ute
256 1341 462 1382 Ciceronis
499 1344 702 1396 provincia
740 1343 945 1383 Ciliciensi
982 1343 1241 1382 manifestum
1281 1347 1357 1383 est.
1415 1341 1487 1382 Sic

113 1398 229 1437 annis
262 1398 443 1438 civilibus
482 1400 626 1440 mediis
671 1400 851 1452 incipere
902 1399 1086 1439 solebant
1131 1404 1254 1450 atque
1299 1398 1462 1438 desinet

115 1454 210 1494 anui
242 1467 452 1495 munerum
487 1457 741 1508 publicorum
778 1456 1022 1495 militarium.
1086 1455 1195 1495 Olim
1234 1460 1347 1494 certe
1382 1455 1455 1494 mit

114 1511 159 1550 in
193 1512 416 1563 provincias
450 1512 591 1552 solitos
629 1513 751 1553 etiam
783 1513 980 1564 privatos,
1023 1512 1092 1564 qui
1128 1512 1351 1564 provincias
1386 1511 1492 1550 vise-

116 1572 229 1617 rent,
266 1572 413 1607 testem
439 1567 633 1608 habemus
672 1569 777 1621 apud
806 1569 1013 1618 Tacitum,
1040 1567 1086 1623 *)
1126 1569 1352 1608 Thraseam
1388 1567 1492 1606 Pae-

117 1627 217 1664 tum.
275 1624 344 1664 Sic
372 1625 494 1663 etiam
522 1626 596 1664 sub
626 1625 901 1677 Principibus,
931 1631 975 1664 ut
1002 1629 1118 1665 erant
1144 1624 1397 1676 Principibus
1427 1624 1492 1663 sui

119 1679 306 1729 Curiosi,
353 1681 422 1732 qui
459 1680 644 1722 Caesaris
681 1675 845 1721 nomine
880 1682 1104 1734 provincias
1145 1681 1328 1721 Caesaris
1356 1681 1493 1720 visita-

118 1737 236 1784 bam
262 1737 321 1776 ita
347 1737 486 1789 populi
512 1738 735 1791 provincias
763 1739 939 1790 privatos
971 1738 1101 1778 fuisse
1146 1738 1216 1789 qui
1255 1737 1393 1789 populi
1420 1749 1493 1776 no-

117 1793 228 1833 mine
255 1792 481 1841 visitarent,
517 1799 583 1834 est
607 1807 706 1834 saue
733 1794 1077 1838 verisimillimum.
1134 1794 1181 1833 Id
1210 1807 1370 1846 quoque
1398 1806 1494 1833 con-

119 1854 355 1890 sentaneum
403 1853 513 1899 erat,
555 1855 616 1893 ut,
646 1850 734 1890 aliis
771 1847 840 1905 **)
881 1851 1021 1904 populi
1065 1850 1387 1902 magistratibus,
1430 1850 1494 1889 sic

119 1907 242 1946 etiam
279 1905 344 1946 his
382 1906 672 1958 provinciarum
710 1907 1005 1956 visitatoribus,
1055 1912 1214 1960 tempus
1257 1906 1387 1949 fuisse
1423 1919 1494 1946 an·

118 1975 254 2003 uuum.
309 1961 397 2003 Nec
432 1975 529 2003 saue
566 1964 668 2004 aliae
694 1964 822 2004 fuisse
849 1964 1034 2004 videntur
1073 1977 1191 2016 quam
1227 1963 1367 2016 populi
1399 1975 1493 2015 pro-

119 2019 297 2068 vinciae,
343 2032 441 2071 quas
478 2021 652 2071 visitavit
688 2033 779 2061 cum
815 2022 899 2061 suis
937 2022 1106 2061 ducibus
1145 2020 1340 2061 Velleius.
1394 2021 1496 2060 Erat

120 2080 234 2116 certe
272 2076 409 2128 populi
436 2075 700 2125 Macedonia,
736 2077 801 2117 his
837 2078 983 2117 saltem
1018 2073 1192 2128 Augusti
1229 2077 1496 2129 temporibus,

122 2144 202 2184 quo
231 2133 353 2172 etiam
393 2133 534 2174 ordine
570 2138 758 2174 censetur
795 2148 820 2174 a
857 2134 997 2174 Dione.
1021 2132 1112 2187 ***)
1154 2134 1279 2180 Erat,
1322 2132 1496 2185 inquam,

121 2201 213 2229 cum
240 2188 310 2228 illa
336 2189 488 2240 pariter
526 2190 698 2238 Achaia,
734 2203 862 2242 usque
898 2191 949 2231 ad
988 2197 1171 2243 tempora
1209 2189 1387 2235 Tiberii,
1426 2202 1498 2227 an·

121 2257 297 2296 numque
335 2257 455 2286 aerae
493 2245 768 2287 Varronianae
803 2250 900 2290 768.
957 2247 1066 2288 Tum
1108 2247 1282 2299 primum
1331 2244 1498 2285 Caesari

121 2301 313 2351 traditas,
352 2306 396 2343 et
423 2315 448 2343 e
472 2301 616 2344 Tacito
643 2301 762 2360 ****)
791 2304 983 2346 discimus
1020 2308 1064 2346 et
1100 2303 1307 2345 Suetonio.
1335 2300 1384 2357 †)
1414 2301 1498 2343 Ad-

123 2429 399 2456 *-

216 2537 619 2628 ἴξ)ἸῙ’11ἱ1;,ἰιιίι,Διιὶ.ωΧν.
648 2539 709 2578 21.

216 2628 764 2719 22>”{·2.2¹¹{3·l:.¹.{f1?”÷⁶?²⁶·

219 2720 262 2765 ἦ)
284 2720 426 2758 Sueton-
449 2723 573 2760 Claud.
595 2734 672 2769 cap.
691 2721 751 2760 25.
