1728 3054
405 177 712 225 ANNALES
751 173 1129 218 VELLEIANI
1345 177 1473 212 xm‘u

94 296 192 341 ¹112.
218 292 412 334 Novemb.
441 288 574 344 XVI.)
612 293 656 329 et
692 288 814 342 paulo
853 291 947 332 ante
986 287 1163 327 reditum
1199 284 1262 324 M.
1294 284 1472 326 Antonii.

94 350 220 391 Certe
264 352 358 389 ante
395 347 514 387 ludos
551 345 831 399 Apollinares,
878 349 926 384 ut
969 343 1198 384 observavit
1244 341 1305 381 Cl.
1414 341 1452 389 ‚‘

95 407 192 447 sius.
220 403 267 462 *)
305 405 379 445 mo
408 415 507 456 ergo
533 415 639 443 anno
666 402 798 442 iunior
834 406 952 454 pater
989 399 1141 441 Velleii
1169 410 1263 440 esse
1289 410 1316 438 n

97 464 200 514 tuit,
235 463 271 502 si
310 461 473 513 quidem
499 460 602 512 ‚ipse
638 458 684 498 G.
713 457 863 499 Velleii
900 457 1007 496 filius
1035 456 1185 504 fuerit,
1223 458 1267 495 et
1295 467 1320 495 e
1344 455 1471 507 gatte

96 521 183 572 ipse
210 530 370 570 quoqne
388 515 558 559 Velleia.
614 513 790 555 Proinde
817 514 953 554 media
985 513 1113 553 fuerit
1140 515 1275 552 aetate
1295 523 1472 553 necesse

96 579 162 616 est
186 575 295 616 iuter
319 572 463 613 a'lmum
491 574 560 614 58,
590 575 634 611 et
659 574 730 613 6⁰.
766 571 864 610 satis
892 571 1080 610 nimirum
1108 568 1341 616 eommode;
1376 580 1472 609 eum

93 644 243 677 annum
279 633 419 682 ageret
448 628 583 675 filius,
611 639 686 680 pro
725 627 875 670 nostris
911 626 1158 675 rationibus,
1186 625 1319 665 XXll.
1365 623 1471 664 Sul)-

97 687 260 740 soeipsit
290 689 502 738 praeterea
532 681 603 739 **)
642 687 809 735 patruus
848 681 999 722 Velleii
1035 682 1179 734 Capito
1217 682 1259 721 in
1295 680 1343 722 G.
1371 680 1497 731 Cas-K
1570 722 1574 725 ,

97 745 201 792 aium
234 754 341 782 anno
377 753 499 781 aerae
526 739 798 781 varronianae
824 741 922 781 711.
962 751 1041 790 quo
1072 739 1162 779 Iulii
1200 737 1474 778 interfectori-

96 802 197 855 bns,
229 792 333 850 aqua
368 797 534 850 ignique
569 796 791 844 damnatis,
823 795 1085 837 interdictum
1122 799 1187 835 est
1213 795 1306 847 lege
1334 795 1474 835 Pedia.
1538 798 1541 801 '

95 856 207 902 Fini
233 854 396 907 quidem
423 856 578 906 potest,
606 858 653 893 ut
679 857 846 906 patruus
874 865 1042 904 magnus
1070 850 1220 892 Velleii
1248 852 1375 890 fuerit
1402 851 1474 891 ille

74 912 267 966 sapito,
304 914 361 950 et«
383 922 459 950 vox
499 910 602 949 adeo
630 922 810 962 magnus
838 909 987 948 omissa
1016 908 1210 948 fueritin
1239 907 1358 947 unico
1386 907 1474 955 illo,

95 963 204 1016 unde
229 966 382 1020 prodiit
410 965 616 1014 Velleius,
644 965 735 1006 MS.
783 965 896 1006 Nihil
922 969 1058 1005 tamen
1086 960 1260 1017 pugnat,
1289 976 1369 1016 quo
1397 964 1474 1003 mi-

96 1037 173 1066 nus
211 1027 377 1077 patruus
415 1021 565 1063 Velleii
604 1034 698 1062 esse
734 1023 932 1075 potuerit,
975 1022 1098 1061 modo
1133 1026 1251 1074 patre
1288 1021 1472 1060 eiusdem

97 1080 223 1123 suerit
268 1079 470 1131 aliquanto
508 1078 648 1118 maior.
705 1077 876 1118 Patruus
916 1078 987 1119 ille
1026 1082 1162 1126 certe,
1201 1091 1292 1118 eum
1333 1077 1473 1126 fuerit,
1491 1121 1508 1130 f

97 1137 168 1179 illo
194 1137 285 1190 ipso
313 1130 439 1188 anno,
479 1136 559 1175 iam
594 1135 844 1187 senatorius,
884 1148 1028 1174 annum
1068 1134 1211 1175 aetatis
1246 1133 1376 1175 XXV.
1407 1146 1476 1173 su-

97 1193 249 1247 pem-it
272 1196 445 1245 oportet.
502 1191 592 1231 Nee
620 1191 748 1231 multo
775 1192 1148 1240 maioremfuisse,
1189 1192 1335 1231 exinde
1369 1190 1475 1230 veri-

97 1249 228 1294 simile
269 1253 351 1300 est,
394 1247 503 1300 quod
541 1249 795 1288 Senatorium
835 1249 947 1288 illum
983 1248 1261 1297 tantummodo
1289 1247 1475 1288 Velleius

98 1305 330 1360 appellarit;
357 1317 439 1344 non
466 1304 758 1352 Tribunitium,
787 1309 856 1344 aut
885 1305 1119 1357 Aedilitium
1132 1337 1144 1357 ,
1171 1305 1322 1345 nedum
1350 1305 1475 1344 Prae-

98 1363 248 1411 torium
275 1374 349 1402 seu
376 1360 648 1403 Consularem.
691 1361 899 1414 Superiori
927 1362 1035 1402 enim
1065 1362 1181 1417 titulo
1210 1362 1345 1414 aliquo
1371 1361 1475 1400 fuis-

99 1422 164 1460 set
190 1417 487 1470 insigniendus,
525 1418 724 1470 siquidem
763 1419 1014 1470 superiorem
1043 1419 1215 1470 aliquem
1251 1419 1293 1458 in
1323 1417 1475 1458 Senatu

100 1475 268 1528 gradum
300 1474 447 1514 fuisset
482 1479 732 1514 consecutus.
792 1475 903 1514 Fieri
940 1476 1062 1514 etiam
1090 1480 1302 1527 praeterea
1330 1475 1477 1527 potuit,

15 1564 19 1567 .
101 1538 148 1572 ut
173 1543 298 1571 annos
326 1530 519 1570 militares
548 1543 759 1582 egressus,
802 1536 932 1570 castra
980 1536 1116 1571 tamen
1154 1537 1318 1571 secutus
1352 1530 1478 1570 fuerit

102 1591 219 1640 pater
253 1586 413 1627 Velleii.
478 1586 524 1631 In
559 1587 753 1627 militibus
780 1587 976 1639 gregariis
1004 1587 1322 1639 frequentissimi
1350 1591 1479 1636 erant,

103 1650 196 1697 post
224 1643 458 1690 missiones,
487 1644 673 1687 veterani
705 1648 825 1695 atque
863 1645 1028 1684 evocati.
1061 1641 1172 1685 ‘Nec
1210 1645 1381 1686 deerant
1408 1656 1480 1683 ex-

104 1700 238 1753 empla
266 1700 307 1739 in
342 1699 483 1738 militia
512 1700 632 1740 etiam
662 1700 874 1740 senatoria.
932 1701 1018 1741 Avo
1053 1706 1266 1753 praeterea
1303 1701 1365 1740 illi
1391 1713 1478 1757 suq,

104 1756 203 1797 Gaio
232 1755 415 1803 Velleio,
461 1768 621 1795 causam
661 1769 750 1796 eam
787 1757 917 1796 fuisse
954 1758 1074 1797 docet
1115 1770 1242 1810 nepos
1278 1757 1478 1806 Velleius,

38 1809 44 1815 ’
103 1825 175 1853 eur
204 1812 326 1864 fugae
350 1814 486 1852 eomas
517 1811 683 1853 Tiberio
715 1825 808 1853 esse
834 1826 914 1852 non
941 1818 1101 1866 posset,
1129 1815 1238 1866 quod
1266 1812 1356 1868 ***)
1387 1827 1478 1865 gra-

102 1869 162 1909 vis
201 1869 282 1909 iam
316 1872 451 1908 aetate
481 1873 592 1909 esset
614 1874 670 1909 >et
708 1882 890 1921 corpore.
946 1872 1207 1910 Senectutem
1241 1871 1331 1910 eius
1361 1871 1478 1910 nimi-

16 1971 23 1983 »
103 1938 192 1966 rum
216 1925 365 1973 innuit,
405 1929 448 1964 et
474 1925 636 1976 quidem
662 1939 772 1974 eam,
803 1939 905 1978 quae
935 1927 1074 1980 inepta
1100 1932 1210 1968 esset
1243 1928 1478 1980 peregrina-

103 1982 300 2030 tionibus,
338 1985 460 2033 atque
488 1981 699 2023 itineribus
737 1984 988 2034 quantumvis
1028 1985 1288 2036 necessariis,
1325 1985 1479 2024 obeun-

33 2046 39 2051 ”
104 2039 181 2087 ὣς.
237 2038 375 2078 Minor
398 2037 469 2077 ille
498 2035 805 2090 septuagenario
835 2040 1006 2091 intelligi
1042 2041 1108 2079 n'x
1144 2045 1304 2093 potest,
1343 2042 1478 2094 potuit

105 2095 228 2139 etiam
260 2093 383 2146 longe
415 2107 505 2134 esse
529 2096 669 2150 maior.
699 2096 840 2136 Fuerit
867 2109 991 2148 ergo,
1019 2110 1110 2139 cum
1145 2100 1287 2150 periit,
1316 2103 1479 2151 septua-

34 2175 37 2177 ,
105 2151 305 2205 genutius.
371 2150 434 2191 lta
471 2154 588 2191 natus
635 2152 762 2193 fuerit
799 2166 903 2193 anno
939 2155 1050 2194 urbis
1091 2158 1188 2198 644.
1228 2156 1286 2195 sie
1330 2169 1478 2198 anuum

107 2208 239 2259 egerit
275 2205 329 2247 ad
368 2207 575 2247 minimum
615 2207 745 2249 X1X.·
763 2209 878 2249 initio
916 2211 1015 2250 belli
1039 2210 1182 2251 ‹ltalici
1222 2225 1325 2252 anno
1367 2213 1481 2253 urbis

11 2297 35 2322 4
106 2262 359 2310 Varroniano
393 2266 489 2306 663.
525 2264 627 2304 Cum
667 2270 802 2306 autem
838 2265 957 2322 ****)
996 2267 1190 2308 Minatius
1224 2269 1386 2320 Magius
1422 2270 1478 2309 ei-

20 2340 46 2362 ,-
105 2320 230 2368 vitate
261 2320 502 2369 donaretur,
547 2321 702 2361 duobus
740 2323 923 2363 eiusdem
965 2324 1060 2365 filiis
1097 2326 1242 2366 creatis
1277 2325 1483 2366 Praetori-

103 2375 207 2426 *buu
242 2376 324 2418 iam
353 2382 467 2418 certe
494 2376 540 2417 G.
570 2377 640 2419 ille
669 2377 878 2431 Velleius,
913 2380 1063 2423 Velleii
1099 2383 1227 2424 nostri
1265 2395 1360 2424 avus
1369 2412 1381 2433 ,
1410 2385 1482 2425 tri-

200 2568 240 2637 :2
260 2569 372 2605 Non-is.
397 2571 516 2606 Cenot.
538 2572 611 2608 Pis.

201 2616 260 2682 „3
281 2617 463 2698 νὸἓῑβῗίῑ,
476 2618 618 2700 Ἦ·
641 2618 715 2700 ⁶325

201 2663 297 2752 αὶ)
318 2689 406 2746 vn.
428 2689 492 2745 1113.
515 2689 561 2748 li.
587 2677 663 2759 ἐξ».
685 2691 744 2747 ιὰ.
