1728 3054
236 183 326 225 206
545 179 594 222 C.
630 177 915 221 VELLEH
952 179 1349 224 PATERcUm

221 302 396 342 *tunam
442 299 691 342 mutaturus
730 294 853 339 Deus
890 295 1074 341 consilia
1111 303 1395 358 corrumpat,
1430 299 1624 346 efficiat-

238 379 372 425 que„
403 362 530 421 quod
570 364 867 427 miserrimum
917 370 1008 424 est,
1063 372 1111 409 ut
1155 366 1281 424 quod
1332 368 1521 424 accidit,
1574 368 1624 413 id

241 433 379 480 etiam
415 433 577 477 merito
616 418 831 478 accidisse
862 432 1091 490 videatur,
1127 441 1173 479 et
1205 450 1332 486 casus
1369 437 1414 480 in
1443 438 1624 497 culpam

204 505 449 549 5transeat.
518 503 671 562 Negat
711 502 861 560 itaque
903 517 951 548 se
984 502 1194 563 credere,
1242 520 1463 564 spemque
1496 506 1542 550 in
1577 521 1624 551 se

241 571 586 618 benevolentiae
627 585 684 616 ex
723 572 885 616 merito
929 572 1164 618 aestimare
1204 574 1453 632 profitetur.
1481 606 1484 611 ·
1522 575 1621 620 Neo

242 639 432 698 diutim,
485 646 596 701 post
648 640 846 701 primum
900 640 1127 699 indicem,
1190 643 1390 689 secundo
1439 644 1624 695 relictus

239 709 386 759 locus,

377 776 515 824 CAP.
549 776 713 829 cxlx.
757 775 978 823 Ordinem
1007 779 1308 826 atrocissimae
1344 779 1624 836 calamitatis,

240 862 331 906 qua
362 847 511 903 nulla,
560 853 663 907 post
701 847 848 893 Crassi
885 848 932 893 in
966 847 1142 893 Parthis
1178 848 1416 906 damnum,
1460 850 1505 901 in
1542 864 1622 894 ex-

240 918 375 962 ternis
408 916 617 977 gentibus
655 917 838 978 gravior
874 917 1091 963 Romanis
1128 917 1237 978 fuit,
1270 919 1393 965 iustis
1424 919 1622 967 volumi-

241 987 391 1041 nibus,
439 991 489 1030 ut
526 986 628 1041 alii,
675 985 737 1043 ita
764 1001 846 1031 nos
878 987 1142 1032 conabimur
1182 1002 1421 1046 exponere.
1490 989 1623 1033 Nunc

202 1060 414 1105 2summa
446 1054 657 1100 deflenda
699 1061 776 1101 est.
846 1056 1080 1102 Exercitus
1111 1057 1311 1101 omnium
1348 1057 1623 1112 fortissimus,

239 1124 500 1184 disciplina,
534 1140 694 1179 manu,
730 1126 1095 1184 experientiaque
1126 1126 1351 1175 bellorum
1369 1127 1494 1171 'inter
1520 1127 1623 1170 Ro-

237 1209 394 1238 manos
429 1193 591 1238 milites
622 1195 863 1254 princeps,
899 1209 1104 1240 marcore
1133 1195 1273 1253 ducis,
1306 1196 1501 1255 perfidia
1530 1194 1640 1242 ho-.

237 1264 336 1318 stis,
371 1263 602 1321 iniquitate
637 1263 845 1308 fortunae
878 1263 1224 1322 circumventus,
1269 1270 1402 1324 (cum
1441 1280 1499 1309 ne
1530 1279 1623 1325 pu*

235 1332 407 1393 gnandi
438 1332 625 1392 quidem
659 1332 867 1393 egredie,
911 1339 989 1384 aut
1023 1334 1291 1391 occasionis,
1326 1334 1372 1378 in
1404 1340 1621 1393 quantum

234 1483 302 1522 etc
335 1481 484 1517 Vitiavit
511 1483 607 1517 huno
629 1483 746 1517 locum
769 1483 894 1518 Editor

234 1528 347 1564 Basil.
386 1529 560 1563 scribens.
604 1534 644 1566 ut
679 1531 893 1576 plerumque,

234 1576 295 1621 qui
309 1578 493 1619 fortunam
513 1581 709 1614 mutaturus
732 1582 794 1620 est,
814 1589 894 1611 con-

235 1623 316 1657 silia
347 1628 554 1667 commpat.
587 1622 633 1657 At
661 1603 800 1657 sanavit
823 1624 902 1661 Var‘

234 1679 418 1711 scosanus,
442 1670 502 1715 qui
521 1681 564 1703 ex
587 1670 805 1713 praecedenti
828 1682 894 1715 que

236 1718 359 1749 natum
390 1716 527 1750 tollens.
555 1715 678 1750 Cuius
703 1717 895 1751 correctio-

235 1761 480 1806 nem<Lipsius
508 1765 543 1797 et
575 1762 812 1797 Ursinussibi
835 1764 895 1798 ad-

218 1807 423 1844 “sciverunt
456 1809 674 1845 Sententiam
704 1809 820 1853 ipsam
848 1810 894 1844 il-

235 1855 463 1890 lustravimus
493 1856 538 1890 ad
562 1857 605 1890 ll.
625 1855 682 1889 57.
706 1856 740 1890 3.

283 1903 402 1946 etiam*
423 1903 544 1936 merito
576 1902 742 1936 accidisse
772 1902 895 1939 videa-

238 1952 306 1983 tur.
341 1949 502 1992 Exempl.
536 1952 661 1982 vetust.
695 1949 824 1984 habet:
861 1954 896 1985 et

237 1995 344 2028 etiam
369 1996 491 2028 merito
525 1995 690 2028 accidisse
720 1999 786 2030 etc.
818 1996 897 2041 Ego

236 2041 423 2085 legendum
455 2044 559 2086 puto:
603 2041 641 2074 id
673 2042 790 2075 etiam.
823 2043 897 2076 Bu-

237 2099 321 2121 aua.
367 2088 466 2129 1100,
514 2091 553 2121 ut
583 2087 895 2132 simplicissimum,

224 2134 371 2179 ¹rer-eph
412 2145 476 2167 nec
513 2134 703 2178 quicquam
746 2135 897 2179 amplius

235 2182 280 2214 ad
315 2180 383 2214 loci
415 2180 600 2215 sanitatem
628 2181 780 2224 requiro.
815 2181 897 2216 Sal-

236 2228 316 2262 lus-,t
352 2227 429 2261 Cat.
454 2223 516 2261 51.
552 2227 627 2261 Illis
658 2230 781 2263 merito
805 2229 896 2263 acci-

236 2274 299 2314 dit,
324 2274 492 2329 quicquid·
509 2274 673 2310 evenerit.

283 2325 318 2354 et
347 2332 447 2354 casus
478 2321 516 2354 in
545 2322 695 2366 culpam.
737 2321 894 2364 Exempl.

235 2367 514 2403 vetusthabet:
550 2372 584 2402 et
609 2378 709 2402 casus
731 2368 768 2400 in
792 2369 895 2411 culpa

236 2416 395 2448 transeat
418 2417 484 2448 etc.
505 2414 649 2448 Binum.
674 2413 792 2448 Tacit.
805 2414 894 2447 Ann

234 2459 293 2492 lv.
324 2459 383 2493 64.
408 2461 469 2504 qui
500 2470 572 2494 mos
594 2461 722 2506 vulgo,
737 2461 894 2505 fortuita

234 2506 284 2539 acl
307 2507 444 2551 culpam
467 2507 655 2541 trahentes.

281 2554 315 2594 §.
336 2552 372 2586 5.
395 2564 555 2597 spemque
578 2554 615 2587 in
637 2564 674 2587 se
693 2553 894 2587 benevolen-

235 2598 299 2632 tia.
330 2599 437 2633 Forte
462 2599 514 2633 sie
544 2600 750 2644 legendum:
780 2611 894 2643 spem·

167 2657 170 2660 ·
234 2655 301 2688 que
329 2645 373 2678 de
401 2646 652 2680 Germanorum
675 2646 712 2679 in
734 2657 770 2679 se
790 2646 892 2678 bene—

235 2691 399 2724 volentia.
432 2693 608 2727 Rasum.
636 2692 734 2726 Alias
766 2691 817 2726 sic
839 2693 892 2726 le-

158 2766 162 2769 .
233 2737 388 2783 gendum
421 2738 579 2774 videtum
620 2738 742 2785 Negat
769 2739 892 2783 itaque

961 1494 999 1518 se
1030 1482 1170 1517 credere
1200 1482 1267 1527 (ut
1289 1481 1521 1518 subaudiatur
1535 1485 1620 1528 sor,

960 1529 1087 1573 tunae)
1109 1539 1271 1574 spemque
1293 1529 1330 1563 in
1360 1541 1396 1563 se
1420 1529 1621 1564 benevolam-³

961 1578 1015 1611 tia
1046 1581 1082 1610 et
1115 1576 1237 1610 merito
1260 1576 1448 1611 aestimare
1477 1579 1621 1620 profite-

961 1627 1031 1658 tur.
1063 1622 1123 1656 vel
1148 1621 1219 1656 sie:
1250 1633 1412 1667 spemque
1427 1633 1462 1657 se
1481 1624 1621 1657 benivo-

963 1670 1073 1704 lentia
1091 1680 1133 1703 ex
1157 1669 1280 1702 merito
1302 1670 1489 1707 aestimare
1513 1672 1620 1714 profi·-

961 1721 1065 1750 tetur.
1078 1716 1223 1750 Bmzn.
1235 1714 1362 1749 Editor
1375 1715 1484 1750 Basil.
1502 1717 1621 1751 locum

961 1763 1031 1797 hoc
1057 1761 1161 1796 modo
1195 1761 1361 1796 tentavit:
1396 1773 1556 1808 spemque
1582 1774 1622 1797 se

964 1808 1219 1843 benevolentiae
1246 1819 1288 1843 ea·
1310 1810 1433 1843 merito
1453 1811 1620 1847 aestima-

963 1867 1001 1890 re
1026 1857 1218 1900 profitetur.
1251 1855 1365 1889 Recte
1394 1855 1532 1899 scripsit
1555 1857 1617 1890 be·
1676 1857 1683 1864 ’“

962 1902 1191 1936 nevolentiae.
1234 1901 1282 1936 At
1310 1902 1348 1935 in
1380 1903 1520 1936 omnino
1544 1912 1618 1936 ser-

962 1948 1131 1982 vandum.
1155 1948 1268 1982 Varus
1289 1948 1460 1992 negabat,
1479 1960 1518 1982 se
1538 1959 1616 1982 cro-

964 1996 1046 2027 dere
1067 1993 1227 2038 Segesti,
1259 1994 1534 2029 coniurationem
1556 1994 1615 2028 in-

963 2041 1113 2082 dicanti,
1139 2041 1331 2085 pmfessus,
1364 2052 1421 2083 se,
1450 2045 1551 2083 prout
1572 2041 1616 2074 de

961 2087 1121 2121 Arminio
1152 2092 1187 2121 et
1218 2087 1404 2121 Germanis
1431 2087 1521 2121 bene
1541 2098 1616 2120 me—

961 2134 1110 2174 ruisset,
1145 2133 1196 2166 ita
1217 2133 1326 2167 etiam
1349 2133 1392 2166 (le
1414 2132 1555 2167 illorum
1578 2133 1616 2167 in

961 2192 1000 2214 se
1051 2179 1295 2214 benevolentia
1341 2180 1429 2213 bene
1463 2184 1614 2223 sperare.
1651 2210 1654 2215 .

961 2227 1062 2261 Haec
1093 2226 1262 2261 sententia
1294 2229 1366 2260 tam
1396 2226 1499 2269 plana
1528 2237 1615 2270 quo-

961 2274 1067 2307 modo
1108 2273 1233 2307 fallere
1269 2273 1511 2306 Bur-mannum
1550 2284 1613 2317 po-

960 2320 1085 2359 tuerit,
1109 2319 1168 2352 vix
1191 2319 1362 2363 intelligo.

1009 2366 1110 2400 GAP.
1136 2365 1260 2400 CXIX.
1302 2367 1334 2407 §.
1360 2364 1392 2400 l.
1423 2376 1493 2409 qua
1515 2365 1615 2399 nulla

959 2417 1037 2458 post
1081 2411 1396 2455 Grassi.Excmp1.
1438 2414 1614 2446 vetustum

962 2462 1082 2502 aperte
1110 2459 1237 2493 habet:
1282 2469 1353 2503 qua
1397 2459 1496 2492 nulla
1533 2463 1614 2504 post

965 2506 1074 2542 Cassi.
1109 2506 1249 2541 Bonna.

1007 2552 1040 2596 §.
1070 2551 1104 2585 2.
1141 2552 1233 2585 inter
1264 2526 1439 2584 Romanos
1477 2550 1612 2586 milites.
1670 2551 1674 2561 '

961 2598 1034 2632 Vox
1058 2597 1183 2632 milites
1207 2596 1345 2632 videtur
1367 2607 1388 2630 e
1403 2597 1524 2642 glossa
1544 2597 1614 2631 flu-

959 2644 1161 2736 Xigesgregie.
1206 2688 1301 2723 Mihi
1346 2700 1410 2732 pro
1453 2699 1575 2743 egr-eg·
1567 2689 1613 2732 ’,ε

957 2747 1068 2782 aegre
1109 2736 1184 2771 dies
1227 2735 1416 2782 legendum
1462 2735 1611 2778 videtur,
